@article{0rourke_unfolding_2010,
  title = {The {{Unfolding}}},
  author = {0'Rourke, Meghan},
  year = {2010},
  month = jul,
  journal = {The New Yorker}
}

@article{10.2307/43801959,
  title = {{{INTERPR\'ETATIONS DU CRYPTOGRAMME DE LA}} "{{PHYSIOLOGIE DU MARIAGE}}" ({{M\'EDITATION XXV}}) {{DE BALZAC}}},
  author = {Fassi{\'e}, Pierre},
  year = {1984},
  journal = {Romance Notes},
  volume = {24},
  number = {3},
  eprint = {43801959},
  eprinttype = {jstor},
  pages = {249--253},
  issn = {00357995, 21657599}
}

@article{395902,
  title = {{L'\'enonciation \'editoriale dans les \'ecrits d'\'ecran}},
  author = {Jeanneret, Yves and Souchier, Emmanu{\"e}l},
  year = {2005},
  journal = {Communication \& Langages},
  volume = {145},
  number = {1},
  pages = {3--15},
  publisher = {{Armand Colin}},
  issn = {0336-1500},
  doi = {10.3406/colan.2005.3351},
  abstract = {Yves Jeanneret et Emmanuel Souchier proposent, dans ce texte1, une perspective synth\'etique \`a partir d'un ensemble de recherches individuelles et collectives men\'ees depuis plusieurs ann\'ees sur la fa\c{c}on dont se cr\'eent et se propagent les formes du texte sur Internet. Si l'on annonce perp\'etuellement un bouleversement de l'\'edition par l'arriv\'ee du \guillemotleft{} num\'erique \guillemotright, cette annonce masque, paradoxalement, la pratique \'editoriale en jeu dans les m\'edias informatis\'es eux-m\^emes, plus qu'elle ne l'\'eclair\'e. En effet, le discours sur ces bouleversements, obs\'ed\'es par le flux, l'immat\'erialit\'e et la spontan\'eit\'e, ne prend pas assez au s\'erieux les m\'ediations \'editoriales, effectives et puissantes, qui s'op\`erent par l'informatique, l'interface, le r\'eseau et le logiciel. C'est \`a cette analyse que les auteurs s'emploient, \`a partir de la notion d'\'enonciation \'editoriale, qu'Emmanuel Souchier avait propos\'ee dans son m\'emoire d'habilitation \`a diriger les recherches en 1998.},
  langid = {fre}
}

@article{395902,
  title = {{L'\'enonciation \'editoriale dans les \'ecrits d'\'ecran}},
  author = {Jeanneret, Yves and Souchier, Emmanu{\"e}l},
  year = {2005},
  journal = {Communication \& Langages},
  volume = {145},
  number = {1},
  pages = {3--15},
  issn = {0336-1500},
  doi = {10.3406/colan.2005.3351},
  abstract = {Yves Jeanneret et Emmanuel Souchier proposent, dans ce texte1, une perspective synth\'etique \`a partir d'un ensemble de recherches individuelles et collectives men\'ees depuis plusieurs ann\'ees sur la fa\c{c}on dont se cr\'eent et se propagent les formes du texte sur Internet. Si l'on annonce perp\'etuellement un bouleversement de l'\'edition par l'arriv\'ee du \guillemotleft{} num\'erique \guillemotright, cette annonce masque, paradoxalement, la pratique \'editoriale en jeu dans les m\'edias informatis\'es eux-m\^emes, plus qu'elle ne l'\'eclair\'e. En effet, le discours sur ces bouleversements, obs\'ed\'es par le flux, l'immat\'erialit\'e et la spontan\'eit\'e, ne prend pas assez au s\'erieux les m\'ediations \'editoriales, effectives et puissantes, qui s'op\`erent par l'informatique, l'interface, le r\'eseau et le logiciel. C'est \`a cette analyse que les auteurs s'emploient, \`a partir de la notion d'\'enonciation \'editoriale, qu'Emmanuel Souchier avait propos\'ee dans son m\'emoire d'habilitation \`a diriger les recherches en 1998.},
  langid = {french}
}

@article{agamben_theorie_2006,
  title = {{Th\'eorie des dispositifs}},
  author = {Agamben, Giorgio and Rueff, Martin},
  year = {2006},
  journal = {Posie},
  volume = {N\textdegree{} 115},
  number = {1},
  pages = {25--33},
  issn = {0152-0032},
  urldate = {2020-01-09},
  langid = {french}
}

@book{aiello_communication_2022,
  title = {{Communication, espace, image}},
  author = {Aiello, Giorgia and Woodhouse, Anna and Dondero, Maria Giulia and Severo, Marta and Levet, St{\'e}phanie and Gentilhomme, Marion},
  year = {2022},
  series = {{La petite collection ArTeC}},
  publisher = {{ArTeC les Presses du r\'eel}},
  address = {{Paris Dijon}},
  isbn = {978-2-37896-303-3},
  langid = {fre},
  lccn = {700.1}
}

@article{anderson_family_2010,
  title = {Family {{Album}}: {{Anne Carson}}'s {{Deeply Moving Scrap Heap}}},
  author = {Anderson, Sam},
  year = {2010},
  month = apr,
  journal = {New York Magazine}
}

@book{archibald_texte_2009,
  title = {Le Texte et La Technique: La Lecture \`a l'heure Des M\'edias Num\'eriques},
  shorttitle = {Le Texte et La Technique},
  author = {Archibald, Samuel},
  year = {2009},
  series = {Collection Erres Essais},
  publisher = {{Le Quartanier}},
  address = {{Montr\'eal, (Qu\'ebec)}},
  isbn = {978-2-923400-55-6},
  keywords = {Hypertext systems,Information society,Information technology,Literature and technology,Social aspects,Technology}
}

@article{audet_2011,
  title = {Pour Une Po\'etique de La Diffraction de l'oeuvre Litt\'eraire Num\'erique : {{L}}'archive, Le Texte et l'oeuvre \`a l'estompe},
  author = {Audet, Ren{\'e} ; Brousseau, Simon},
  year = {2011},
  journal = {Prot\'ee},
  volume = {39},
  number = {1},
  pages = {9--22},
  publisher = {{D\'epartement des arts et lettres - Universit\'e du Qu\'ebec \`a Chicoutimi}},
  doi = {10.7202/1006723ar}
}

@misc{authorcorporateunesco_id_2019,
  title = {I'd Blush If {{I}} Could: Closing Gender Divides in Digital Skills through Education},
  shorttitle = {I'd Blush If {{I}} Could},
  author = {{authorCorporate:UNESCO}, EQUALS Skills Coalition},
  year = {2019},
  urldate = {2022-12-26},
  abstract = {UNESCO Digital Library},
  howpublished = {https://unesdoc.unesco.org/ark:/48223/pf0000367416.page=1},
  langid = {english}
}

@article{averous_verclytte_clarisse_2008,
  title = {{Clarisse Herrenschmidt, Les trois \'ecritures. Langue, nombre, code}},
  author = {Av{\'e}rous Verclytte, Val{\'e}rie},
  year = {2008},
  month = mar,
  journal = {Mots. Les langages du politique},
  number = {86},
  pages = {122--126},
  publisher = {{ENS \'Editions}},
  issn = {0243-6450},
  doi = {10.4000/mots.13872},
  urldate = {2023-08-09},
  abstract = {\guillemotleft ~Les mots nous disent ce que nous, en tant que soci\'et\'e, nous croyons qu'est le monde~\guillemotright, \'ecrit Alberto Manguel dans son livre consacr\'e aux mots et au monde (2000, p.~15). Jorge Luis Borges ne pensait-il pas que l'univers pouvait se confondre avec une vaste biblioth\`eque (1995, p.~111) et que la clef se situerait peut-\^etre dans les caract\`eres de l'alphabet~? Clarisse Herrenschmidt, linguiste et anthropologue, nous invite \`a revisiter l'\'ecriture des langues, le langage des nombres (en tant qu'ent...},
  copyright = {All rights reserved},
  isbn = {9782847881295},
  langid = {french},
  file = {/home/mame/snap/zotero-snap/common/Zotero/storage/E9JGTIAH/Avérous Verclytte - 2008 - Clarisse Herrenschmidt, Les trois écritures. Langu.pdf}
}

@incollection{bachimont_du_1999,
  title = {{Du texte \`a l'hypotexte~: les parcours de la m\'emoire documentaire}},
  shorttitle = {{Du texte \`a l'hypotexte}},
  booktitle = {{M\'emoire de la technique et techniques de la m\'emoire}},
  author = {Bachimont, Bruno},
  year = {1999},
  series = {{Technologies, id\'eologies, pratiques}},
  pages = {195--225},
  publisher = {{\'Er\`es}},
  address = {{Toulouse}},
  doi = {10.3917/eres.lenay.1999.01.0195},
  urldate = {2023-09-16},
  abstract = {La question de la m\'emoire collective se pose d\`es que l'on tente une rencontre entre les disciplines des sciences cognitives et celles des sciences sociales. Elle a fait l'objet d'un travail sp\'ecifique dans le cadre de l'Unit\'e de recherche COSTECH (Connaissance, organisation et syst\`eme technique). Les articles rassembl\'es dans ce num\'ero sont issus de communications pr\'esent\'ees par des chercheurs de diverses disciplines dans un s\'eminaire organis\'e \`a l'universit\'e de Technologie de Compi\`egne par l'\'equipe du Mineur PHITECO (Philosophie, Technologie, Cognition).},
  isbn = {978-2-86586-655-7},
  langid = {french},
  file = {/home/mame/snap/zotero-snap/common/Zotero/storage/32ZLB2B4/memoire-de-la-technique-et-techniques--9782865866557-page-195.html}
}

@article{baillehache_digital_2021,
  title = {The {{Digital Reception}} of {{A Hundred Thousand Billion Poems}}},
  author = {Baillehache, Jonathan},
  year = {2021},
  journal = {Sens public},
  pages = {1},
  issn = {2104-3272},
  doi = {10.7202/1089666ar},
  urldate = {2022-12-01},
  langid = {english},
  file = {/home/mame/snap/zotero-snap/common/Zotero/storage/T9GZ3WB8/Baillehache - 2021 - The Digital Reception of A Hundred Thousand Billio.pdf}
}

@book{baillet_jugemens_1722,
  title = {Jugemens Des Savans Sur Les Principaux Ouvrages Des Auteurs. {{T1}} / , Par {{Adrien Baillet}}, Rev\^us, Corrig\'es et Augment\'es Par {{M}}. de {{La Monnoye}},...},
  author = {du texte Baillet, Adrien (1649-1706) Auteur},
  year = {1722},
  urldate = {2023-10-24},
  abstract = {Jugemens des savans sur les principaux ouvrages des auteurs. T1 / , par Adrien Baillet, rev\^us, corrig\'es et augment\'es par M. de La Monnoye,... -- 1722 -- livre},
  copyright = {domaine public},
  langid = {english},
  file = {/home/mame/snap/zotero-snap/common/Zotero/storage/8E5NZN95/bpt6k113883m.html}
}

@book{balsamo_technologies_1996,
  title = {Technologies of the Gendered Body: Reading Cyborg Women},
  shorttitle = {Technologies of the Gendered Body},
  author = {Balsamo, Anne Marie},
  year = {1996},
  publisher = {{Duke University Press}},
  address = {{Durham}},
  isbn = {978-0-8223-1686-2 978-0-8223-1698-5},
  lccn = {HQ1190 .B35 1996},
  keywords = {Cybernetics,Feminist theory,Gender identity,Human body,Social aspects}
}

@book{balzac_comedie_1950,
  title = {{La comedie humaine X: Etudes Philosophiques, II Etudes Analytiques}},
  shorttitle = {{La comedie humaine X}},
  author = {de Balzac, Honore},
  year = {1950},
  month = jan,
  publisher = {{Librairie Gallimard}},
  langid = {french}
}

@book{balzac_correspondance_2006,
  title = {Correspondance},
  author = {de Balzac, Honor{\'e} and Pierrot, Roger and Yon, Herv{\'e}},
  year = {2006},
  series = {Biblioth\`eque de La {{Pl\'eiade}}},
  number = {528, 575, 627},
  publisher = {{Gallimard}},
  address = {{Paris}},
  isbn = {978-2-07-011818-2 978-2-07-011819-9 978-2-07-011820-5},
  keywords = {19th century,Authors,Balzac,Correspondence,French,Honor\'e de}
}

@book{barad_meeting_2007,
  title = {Meeting the Universe Halfway: Quantum Physics and the Entanglement of Matter and Meaning},
  shorttitle = {Meeting the Universe Halfway},
  author = {Barad, Karen Michelle},
  year = {2007},
  publisher = {{Duke University Press}},
  address = {{Durham}},
  isbn = {978-0-8223-3901-4 978-0-8223-3917-5},
  keywords = {Heisenberg uncertainty principle,Matter,Philosophy,Physics,Quantum theory,Realism,Relativity (Physics)}
}

@incollection{barbier_chapitre_2012,
  title = {{Chapitre~2 - Gutenberg et l'invention de l'imprimerie}},
  booktitle = {{Histoire du livre en Occident}},
  author = {Barbier, Fr{\'e}d{\'e}ric},
  year = {2012},
  series = {{Collection U}},
  pages = {83--102},
  publisher = {{Armand Colin}},
  address = {{Paris}},
  doi = {10.3917/arco.barbi.2012.01.0083},
  urldate = {2023-10-06},
  abstract = {L'histoire du livre (manuscrit ou imprim\'e) constitue un des domaines les plus prometteurs \'etudi\'es par l'\'ecole historique fran\c{c}aise actuelle. D\'epassant le cadre \'etroit des chronologies universitaires (Antiquit\'e, Moyen \^Age, p\'eriodes moderne et contemporaine), elle s'inscrit dans le temps long d'une histoire des cultures et des pratiques culturelles, dont elle est l'une des principales voies d'acc\`es. Elle se comprend comme une histoire interdisciplinaire, touchant aux domaines de l'histoire litt\'eraire, mais aussi de l'histoire \'economique, technique, sociale, politique et culturelle. Enfin, elle est l'un des champs o\`u, depuis une trentaine d'ann\'ees, on a le plus syst\'ematiquement d\'evelopp\'e une probl\'ematique d'histoire compar\'ee entre les diff\'erents pays.  Cette analyse de l'histoire du livre et de l'\'ecrit rev\^et une importance toute particuli\`ere. D'une part l'\'ecrit et l'imprim\'e font partie des principaux points d'ancrage autour desquels s'est structur\'e le processus d'identification collective depuis la p\'eriode moderne. D'autre part, l'histoire du livre permet de placer en perspective les ph\'enom\`enes li\'es \`a la r\'evolution des nouveaux m\'edias, et propose un certain nombre de clefs pour les analyser et mieux les comprendre.},
  isbn = {978-2-200-27751-2},
  langid = {french},
  file = {/home/mame/snap/zotero-snap/common/Zotero/storage/FGQGQY4U/histoire-du-livre-en-occident--9782200277512-page-83.html}
}

@book{battles_palimpsest:_2016,
  title = {Palimpsest: {{A History}} of the {{Written Word}}},
  author = {Battles, Matthew},
  year = {2016},
  publisher = {{W. W. Norton \& Company}}
}

@book{benjamin_oeuvre_2007,
  title = {{L'oeuvre d'art \`a l'\'epoque de sa reproductibilit\'e technique: version de 1939}},
  shorttitle = {{L'oeuvre d'art \`a l'\'epoque de sa reproductibilit\'e technique}},
  author = {Benjamin, Walter and de Gandillac, Maurice and Dousson, Lambert and Luste Boulbina, Seloua},
  year = {2007},
  series = {{Folioplus}},
  publisher = {{Gallimard}},
  address = {{Paris}},
  isbn = {978-2-07-034963-0},
  langid = {french}
}

@article{bennes_klara_2023,
  title = {{Klara et la bombe}},
  author = {Bennes, Crystal and Heuguet, Guillaume},
  year = {2023},
  month = mar,
  journal = {Teque},
  volume = {3},
  number = {1},
  pages = {10--38},
  publisher = {{Audimat \'Editions}},
  issn = {2805-1548},
  urldate = {2023-05-03},
  langid = {french},
  annotation = {Bibliographie\_available: 0 Cairndomain: www.cairn.info Cite Par\_available: 0},
  file = {/home/mame/snap/zotero-snap/common/Zotero/storage/H7PL8V2T/Bennes and Heuguet - 2023 - Klara et la bombe.pdf}
}

@book{bennett_vibrant_2010,
  title = {Vibrant Matter: A Political Ecology of Things},
  shorttitle = {Vibrant Matter},
  author = {Bennett, Jane},
  year = {2010},
  publisher = {{Duke University Press}},
  address = {{Durham}},
  isbn = {978-0-8223-4619-7 978-0-8223-4633-3},
  keywords = {Environmentalism,Human ecology,Philosophy,Political aspects}
}

@book{birkets_gutenberg_2006,
  title = {{The Gutenberg Elegies: The Fate of Reading in an Electronic Age}},
  shorttitle = {{The Gutenberg Elegies}},
  author = {Birkets, S.},
  year = {2006},
  month = nov,
  publisher = {{North Point Press}},
  address = {{New York}},
  abstract = {A reissue of the book that first examined the future of reading and literature in the electronic age, now with a new introduction and AfterwordIn our zeal to embrace the wonders of the electronic age, are we sacrificing our literary culture? Renowned critic Sven Birkerts believes the answer is an alarming yes. In The Gutenberg Elegies, he explores the impact of technology on the experience of reading. Drawing on his own passionate, lifelong love of books, Birkerts examines how literature intimately shapes and nourishes the inner life. What does it mean to "hear" a book on audiotape or decipher its words in electronic form on a laptop screen? Can the world created by Henry James exist in an era defined by the work of Bill Gates? Are books as we know them--volumes printed in ink on paper, with pages to be turned as the reading of each page is completed--dead? At once a celebration of the complex pleasures of reading and a bold challenge to the information technologies of today and tomorrow, The Gutenberg Elegies is an essential volume for anyone who cares about the past and the future of books.},
  isbn = {978-0-86547-957-9},
  langid = {Anglais}
}

@article{bloomfield_machines_nodate,
  title = {{Machines litt\'eraires, machines num\'eriques: l'Oulipo et l'informatique}},
  author = {Bloomfield, Camille and {Campaignolle-Catel}, H{\'e}l{\`e}ne},
  pages = {15},
  langid = {french},
  file = {/home/mame/snap/zotero-snap/common/Zotero/storage/BSE8PI25/Bloomfield and Campaignolle-Catel - Machines littéraires, machines numériques l'Oulip.pdf}
}

@book{bolter_remediation:_2003,
  title = {Remediation: Understanding New Media},
  shorttitle = {Remediation},
  author = {Bolter, Jay David and Grusin, Richard},
  year = {2003},
  edition = {6. Nachdr},
  publisher = {{MIT Press}},
  address = {{Cambridge, Mass.}},
  isbn = {978-0-262-52279-3},
  langid = {english}
}

@book{bolter_remediation:_2003,
  title = {Remediation: Understanding New Media},
  shorttitle = {Remediation},
  author = {Bolter, Jay David and Grusin, Richard},
  year = {2003},
  edition = {6. Nachdr},
  publisher = {{MIT Press}},
  address = {{Cambridge, Mass.}},
  isbn = {978-0-262-52279-3},
  langid = {english}
}

@misc{bon_pas_2003,
  title = {Pas Besoin de La Notion d'oeuvre, Entretien Pour La Revue {{{\emph{Animal}}}}},
  author = {Bon, Fran{\c c}ois},
  year = {2003},
  interviewer = {Hesse, Thierry}
}

@phdthesis{bonaccorsi_fantasmagories_2012,
  title = {{Fantasmagories de l'\'ecran}},
  author = {Bonaccorsi, Julia},
  year = {2012},
  month = dec,
  urldate = {2020-02-17},
  abstract = {En quoi l'\'ecran \'electronique change-t-il les conditions de l'inscription, ou, dit autrement, de quelles mani\`eres les pratiques de l'\'ecran ont-elles infl\'echi nos relations \`a l'\'ecriture et plus largement \`a \guillemotleft{} l'inscrit \guillemotright{} ? L'\'ecran est abord\'e dans cette recherche \`a partir de ses images, de ce qui en est visible comme de ce qu'il rend visible dans l'espace public. L'\'etude d\'evelopp\'ee est men\'ee sur la base d'un corpus iconographique : la diversit\'e des images de l'\'ecran permet de saisir les multiples \'enonciateurs en jeu (des industriels aux acteurs publics) et, par l\`a, un moyen fertile de travailler sur les co\"incidences, brouillages et citations entre les repr\'esentations de l'\'ecran. Le croisement d'images publicitaires avec d'autres types d'images, artistiques ou profanes rend compte des migrations et des \'echos entre elles, de la perm\'eabilit\'e entre ces genres d'images, de la r\'ep\'etition et de la citation, pointant ainsi certains aspects des croyances li\'ees \`a la culture de l'\'ecran et la textualit\'e num\'erique, \`a la fois dans leur histoire et dans leur dynamique. La recherche montre de quelle mani\`ere l'\'ecran se m\'etamorphose selon ses repr\'esentations visuelles (cin\'ema, photographie, publicit\'e, presse, art) : l'\'ecran est tour \`a tour support solide, conduit, miroir, ou encore, il peut dispara\^itre au profit de l'apparition du seul texte qui le signifie comme une forme abstraite, accessoire. Les repr\'esentations publicitaires engagent une co\"incidence du texte et de l'\'ecran qui rassemble support et texte, les fusionne (en r\'econcilie les \'el\'ements) ; les images artistiques quant \`a elles n\'egocient avec la part industrielle et strat\'egique des textes \`a l'\'ecran. Ces discours iconographiques d\'eplacent en effet constamment les perspectives sur les \'ecrans, modifiant les \'equilibres entre m\'edia et texte. Ces fantasmagories de l'\'ecran apparaissent caract\'eris\'ees par l'\'ev\'enementialit\'e de l'affichage et la luminescence, comme deux \'etats de la textualit\'e num\'erique : ils sont, de mani\`ere conjointe ou disjointe, l'objet de neutralisations ou d'exacerbations/r\'ev\'elations dans le travail de la repr\'esentation visuelle.},
  langid = {french},
  school = {Celsa - Universit\'e Paris Sorbonne}
}

@book{bonnet_pour_2017,
  title = {{Pour une po\'etique num\'erique: litt\'erature et Internet}},
  shorttitle = {{Pour une po\'etique num\'erique}},
  author = {Bonnet, Gilles},
  year = {2017},
  series = {{Collection Savoir lettres}},
  publisher = {{Hermann}},
  address = {{Paris}},
  isbn = {978-2-7056-9497-5},
  langid = {fre}
}

@book{bonnet_pour_2017,
  title = {{Pour une po\'etique num\'erique: litt\'erature et Internet}},
  shorttitle = {{Pour une po\'etique num\'erique}},
  author = {Bonnet, Gilles},
  year = {2017},
  series = {{Collection Savoir lettres}},
  publisher = {{Hermann}},
  address = {{Paris}},
  isbn = {978-2-7056-9497-5},
  langid = {french}
}

@book{borges_libro_2008,
  title = {{El libro de arena}},
  author = {Borges, Jorge Luis},
  year = {2008},
  series = {{Biblioteca Borges}},
  edition = {12. reimpr},
  number = {3},
  publisher = {{Alianza Ed}},
  address = {{Madrid}},
  isbn = {978-84-206-3313-8},
  langid = {spanish}
}

@book{borges_livre_2018,
  title = {{Le livre de sable}},
  author = {Borges, Jorge Luis and Rosset, Fran{\c c}oise},
  year = {2018},
  series = {{Collection Folio}},
  edition = {Nouvelle \'ed},
  number = {1461},
  publisher = {{Gallimard}},
  address = {{Paris}},
  isbn = {978-2-07-280387-1},
  langid = {fre},
  lccn = {803}
}

@book{bouchardon_valeur_2014,
  title = {La Valeur Heuristique de La Litt\'erature Num\'erique},
  author = {Bouchardon, Serge},
  year = {2014},
  series = {Collection {{Cultures}} Num\'eriques},
  publisher = {{Hermann}},
  address = {{Paris}},
  isbn = {978-2-7056-8802-8},
  keywords = {Authorship,Computer network resources,Interactive multimedia,Literature,Literature and the Internet}
}

@article{bradshaw__work_2013,
  title = {The {{Work}} of {{Art}} in the {{Age}} of {{Technological Translation}}: {{The Materiality}} of {{Anne Carson}}'s {{Nox}}},
  author = {Bradshaw, Bethany},
  year = {2013},
  journal = {Free Verse},
  number = {23},
  urldate = {2022-04-01},
  langid = {american}
}

@book{braidotti_posthuman_2019,
  title = {Posthuman Knowledge},
  author = {Braidotti, Rosi},
  year = {2019},
  publisher = {{Polity}},
  address = {{Medford, MA}},
  isbn = {978-1-5095-3525-5 978-1-5095-3526-2},
  keywords = {Humanism}
}

@article{brubaker_palimpsest_1987,
  title = {Palimpsest},
  author = {Brubaker, Leslie},
  year = {1987},
  journal = {Dictionary of the Middle Ages},
  volume = {9},
  pages = {355},
  publisher = {{Charles Scribner's Sons}},
  address = {{New York}}
}

@book{bruck_mademoiselle_1950,
  title = {{Mademoiselle Br\"uckner, dactylo: ('Schicksale hinter Schreibmaschinen'), roman traduit de l'allemand par Raymond Henry}},
  shorttitle = {{Mademoiselle Br\"uckner, dactylo}},
  author = {Br{\"u}ck, Anita},
  year = {1950},
  publisher = {{Busson}},
  googlebooks = {iAVzzwEACAAJ},
  langid = {french}
}

@book{bruck_schicksale_1930,
  title = {{Schicksale hinter Schreibmaschinen}},
  author = {Br{\"u}ck, Christa Anita},
  year = {1930},
  publisher = {{Sieben-St\"abe-Verlag}},
  googlebooks = {AgUfAAAAIAAJ},
  langid = {ngerman}
}

@article{bruzina_art_1982,
  title = {Art and {{Architecture}}, {{Ancient}} and {{Modern}}},
  author = {Bruzina, Ronald},
  year = {1982},
  journal = {Research in Philosophy \& Technology},
  volume = {5},
  pages = {163--187}
}

@book{butler_defaire_2006,
  title = {{D\'efaire le genre}},
  shorttitle = {{D?}},
  author = {Butler, Judith},
  year = {2006},
  publisher = {{Amsterdam}},
  address = {{Paris}},
  abstract = {Extrait de la couverture : ""Faire" son genre implique parfois de d??faire les normes dominantes de l'existence sociale. La politique de subversion qu'esquisse Judith Butler ouvre moins la perspective d'une abolition du genre que celle d'un monde dans lequel le genre serait "d??fait", dans lequel les normes du genre joueraient autrement, tout autrement. ... Ce livre, qui constitue un retour critique sur les analyses d??velopp??es par l'auteure dans "Trouble dans le genre", s'inscrit dans une d??marche indissociablement th??orique et pratique : il s'agit, en s'appuyant sur les th??ories f??ministe et queer, de faire la gen??se de la production du genre et de travailler ?? d??faire l'emprise des formes de normalisation qui rendent certaines vies invivables, ou difficilement vivables, en les excluant du domaine du possible et du pensable. ... Judith Butler s'attache notamment dans les pr??sents essais - ancr??s dans l'actualit?? des politiques et des savoirs du genre, de la sexualit?? et de la parent?? -, ?? mettre en ??vidence les contradictions auxquelles sont confront??s ceux et celles qui s'efforcent de penser et transformer le genre."},
  isbn = {978-2-915547-19-1},
  langid = {french}
}

@book{calle-gruber_butor_1998,
  title = {Butor et l'{{Am\'erique}}: Colloque de {{Queen}}'s {{University}}},
  shorttitle = {Butor et l'{{Am\'erique}}},
  editor = {{Calle-Gruber}, Mireille and Queen's University (Kingston, Ont.)},
  year = {1998},
  series = {Collection {{Trait}} d'union},
  publisher = {{L'Harmattan}},
  address = {{Paris, France}},
  isbn = {978-2-7384-6326-5},
  lccn = {PQ2603.U73 Z564 1998},
  keywords = {{Butor, Michel},Congresses,In literature,Knowledge and learning,North America}
}

@article{carrier-lafleur_linvention_2018,
  title = {{L'invention litt\'eraire des m\'edias}},
  author = {{Carrier-Lafleur}, Thomas and Gaudreault, Andr{\'e} and Monjour, Servanne and {Vitali-Rosati}, Marcello},
  year = {2018},
  month = mar,
  journal = {Sens public},
  number = {1305},
  issn = {2104-3272},
  urldate = {2022-12-20},
  abstract = {Les m\'edias existeraient-ils sans la litt\'erature ? Pourrait-on parler de \guillemotleft{} t\'el\'evision \guillemotright, de \guillemotleft{} photographie \guillemotright, de \guillemotleft{} cin\'ema \guillemotright{} ou du \guillemotleft{} num\'erique \guillemotright{} sans que ces dispositifs aient aussi \'et\'e construits, institutionnalis\'es et m\^eme parfois d\'econstruits dans l'imaginaire collectif par la litt\'erature et son discours ? \`A l'heure o\`u le num\'erique semble encore s'inventer, le pr\'esent dossier vise \`a souligner le r\^ole du fait litt\'eraire dans la construction de nos m\'edias. En m\^eme temps, l'hybridation m\'ediatique de notre contemporan\'eit\'e num\'erique rend n\'ecessaire une r\'eflexion sur la capacit\'e des m\'edias \`a se r\'einventer r\'eciproquement, renouvelant chaque fois l'ordre du discours et la fonction de la litt\'erature. En raison de sa capacit\'e \`a t\'emoigner de l'h\'et\'erog\'en\'eit\'e de notre univers m\'ediatique, la litt\'erature offre un terrain privil\'egi\'e \textendash{} o\`u tout reste encore \`a faire \textendash{} pour mener une telle recherche.},
  copyright = {Creative Commons Attribution-NonCommercial-ShareAlike 4.0 International (CC BY-NC-SA 4.0)},
  langid = {french}
}

@book{carson_nox_2010,
  title = {Nox},
  author = {Carson, Anne},
  year = {2010},
  publisher = {{New Directions}},
  address = {{New York}},
  isbn = {978-0-8112-1870-2 978-0-8112-1836-8},
  keywords = {Epitaphs}
}

@book{carson_nox_2010,
  title = {Nox},
  author = {Carson, Anne},
  year = {2010},
  publisher = {{New Directions}},
  address = {{New York}},
  isbn = {978-0-8112-1870-2 978-0-8112-1836-8},
  keywords = {Epitaphs}
}

@article{casilli_il_2021,
  title = {{Il n'y a pas d'intelligence artificielle, il n'y a que le travail du clic de quelqu'un d'autre}},
  author = {Casilli, Antonio A.},
  year = {2021},
  pages = {33},
  publisher = {{Editions du D\'etours}},
  urldate = {2023-04-18},
  langid = {french},
  file = {/home/mame/snap/zotero-snap/common/Zotero/storage/EZCUBUVE/hal-03560718.html}
}

@inproceedings{cd09298df15b44cba37f59f00264ea23,
  title = {Uncovering `Hidden' Contributions to the History of {{Digital Humanities}}: {{The Index Thomisticus}}' Female Keypunch Operators},
  author = {Nyhan, Julianne and Terras, Melissa},
  year = {2017},
  month = aug,
  langid = {english}
}

@book{cendrars_blaise_2006,
  title = {{Blaise Cendrars: la vie, le verbe, l'\'ecriture}},
  shorttitle = {{Blaise Cendrars}},
  author = {Cendrars, Miriam},
  year = {2006},
  edition = {\'Ed. revue, corrig\'ee, augment\'ee},
  publisher = {{Deno\"el}},
  address = {{Paris}},
  isbn = {978-2-207-25806-4},
  langid = {french}
}

@book{cendrars_prose_1913,
  title = {La Prose Du {{Transsib\'erien}} et de La {{Petite Jehanne}} de {{France}}},
  author = {Cendrars, Blaise and Delauney, Sonia},
  year = {1913},
  publisher = {{\'Edition des Hommes Nouveaux}}
}

@book{certeau_arts_2010,
  title = {{Arts de faire}},
  author = {de Certeau, Michel and Giard, Luce and de Certeau, Michel},
  year = {2010},
  series = {{L' invention du quotidien / Michel de Certeau}},
  edition = {Nouvelle \'ed},
  number = {1},
  publisher = {{Gallimard}},
  address = {{Paris}},
  isbn = {978-2-07-032576-4},
  langid = {fre}
}

@book{chartier_inscrire_2005,
  title = {Inscrire et Effacer: Culture \'Ecrite et Litt\'erature ({{XIe-XVIIIe}} Si\`ecle)},
  shorttitle = {Inscrire et Effacer},
  author = {Chartier, Roger},
  year = {2005},
  series = {Hautes \'Etudes},
  publisher = {{Gallimard : Seuil}},
  address = {{Paris}},
  isbn = {978-2-02-081580-2},
  keywords = {Books and reading,Literature and society,Printing,Social aspects,Social aspects History,Transmission of texts,Written communication,Written Culture and Aesthetic Creation 11th-18th Century Criticism}
}

@article{chartier_lecrit_2006,
  title = {{L'\'ecrit sur l'\'ecran. Ordre du discours, ordre des livres et mani\`eres de lire}},
  author = {Chartier, Roger},
  year = {2006},
  journal = {Entreprises et histoire},
  volume = {43},
  number = {2},
  pages = {15},
  issn = {1161-2770, 2100-9864},
  doi = {10.3917/eh.043.0015},
  urldate = {2023-10-23},
  langid = {french}
}

@book{christin_image_1995,
  title = {L'image \'Ecrite, Ou, {{La}} D\'eraison Graphique},
  author = {Christin, Anne-Marie},
  year = {1995},
  series = {Id\'ees et Recherches},
  publisher = {{Flammarion}},
  address = {{Paris}},
  isbn = {978-2-08-012635-1},
  lccn = {NX650.W75 C48 1995},
  keywords = {Arts,Picture-writing,Symbolism in art,Writing in art}
}

@book{christin_image_1995,
  title = {L'image \'Ecrite, Ou, {{La}} D\'eraison Graphique},
  author = {Christin, Anne-Marie},
  year = {1995},
  series = {Id\'ees et Recherches},
  publisher = {{Flammarion}},
  address = {{Paris}},
  isbn = {978-2-08-012635-1},
  keywords = {Arts,Picture-writing,Symbolism in art,Writing in art}
}

@article{christin_les_1999,
  title = {{Les origines de l'\'ecriture: Image, signe, trace}},
  shorttitle = {{Les origines de l'\'ecriture}},
  author = {Christin, Anne-Marie},
  year = {1999},
  journal = {Le D\'ebat},
  volume = {106},
  number = {4},
  pages = {28},
  issn = {0246-2346, 2111-4587},
  doi = {10.3917/deba.106.0028},
  urldate = {2020-02-17},
  langid = {french}
}

@book{christin_poetique_2009,
  title = {{Po\'etique du blanc: vide et intervalle dans la civilisation de l'alphabet}},
  shorttitle = {{Po\'etique du blanc}},
  author = {Christin, Anne-Marie},
  year = {2009},
  series = {{Essais d'art et de philosophie}},
  edition = {Nouvelle \'ed. revue et augment\'ee},
  publisher = {{Vrin}},
  address = {{Paris}},
  isbn = {978-2-7116-2197-2},
  langid = {french}
}

@book{chun_new_2016,
  title = {New Media, Old Media: A History and Theory Reader},
  shorttitle = {New Media, Old Media},
  editor = {Chun, Wendy Hui Kyong and Fisher, Anna Watkins and Keenan, Thomas},
  year = {2016},
  edition = {Second edition},
  publisher = {{Routledge}},
  address = {{New York, NY}},
  isbn = {978-1-138-02109-9 978-1-138-02110-5},
  lccn = {P90 .N52 2016},
  keywords = {History,Mass media}
}

@book{cocteau_du_2003,
  title = {{Du cin\'ematographe}},
  author = {Cocteau, Jean},
  editor = {Bernard, Andr{\'e}},
  year = {2003},
  edition = {Nouvelle [3.] \'ed. revue et augment\'ee},
  publisher = {{Ed. du Rocher}},
  address = {{Monaco}},
  isbn = {978-2-268-04759-1},
  langid = {fre}
}

@article{coffee_intertextuality_2012,
  title = {Intertextuality in the {{Digital Age}}},
  author = {Coffee, Neil and Koenig, Jean-Pierre and Poornima, Shakthi and Ossewaarde, Roelant and Forstall, Christopher and Jacobson, Sarah},
  year = {2012},
  journal = {Transactions of the American Philological Association},
  volume = {142},
  number = {2},
  pages = {383--422},
  issn = {1533-0699},
  doi = {10.1353/apa.2012.0010},
  urldate = {2014-04-30},
  abstract = {Abstract Summary: This paper describes a new digital approach to intertextual study involving the creation of a free online tool for the automatic detection of parallel phrases. A test comparison of Vergil's Aeneid and Lucan's Civil War shows that the tool can identify a substantial number of meaningful intertexts, both previously recorded and unrecorded. Analysis of these results demonstrates how automatic detection can provide more comprehensive and accessible perspectives on intertextuality as an aggregate phenomenon. Identification of the language features necessary to detect intertexts also provides a path toward improved automatic detection and more precise definitions of intertextuality.}
}

@article{crozat_ements_2011,
  title = {El\'ements Pour Une Th\'eorie Op\'erationnelle de l'\'ecriture Num\'erique},
  author = {Crozat, St{\'e}phane and Bachimont, Bruno and Cailleau, Isabelle and Bouchardon, Serge and Gaillard, Ludovic},
  year = {2011},
  month = dec,
  journal = {Document num\'erique},
  volume = {14},
  number = {3},
  pages = {9--33},
  issn = {12795127},
  doi = {10.3166/dn.14.3.9-33},
  urldate = {2020-02-17}
}

@book{cyrulnik_sous_2010,
  title = {{Sous le signe du lien: une histoire naturelle de l'attachement}},
  shorttitle = {{Sous le signe du lien}},
  author = {Cyrulnik, Boris},
  year = {2010},
  edition = {Nouvelle \'ed.},
  publisher = {{A. Fayard-Pluriel}},
  address = {{Paris}},
  isbn = {978-2-8185-0099-6},
  langid = {french}
}

@article{de_iulio_lev_2003,
  title = {{Lev Manovich, The Language of New Media. Cambridge, Massachusetts, London, England, The MIT Press, 2001, 354 p.}},
  author = {De Iulio, Simona},
  year = {2003},
  month = dec,
  journal = {Questions de communication},
  number = {4},
  pages = {473--475},
  publisher = {{Presses universitaires de Nancy}},
  issn = {1633-5961},
  urldate = {2020-06-08},
  abstract = {Y a-t-il d'in\'edit dans les formes de repr\'esentation utilis\'ees dans les nouveaux m\'edias ? rem\'ediation \guillemotright, selon laquelle chaque nouveau m\'edia englobe, traduit et r\'eforme les m\'edias existants, Lev Manovich, professeur associ\'e au D\'epartement d'Arts visuels de l'Universit\'e de Californie, San Diego, analyse les \'el\'ements de continuit\'e et de rupture entre les anciennes et les nouvelles formes de communication. Le but de l'ouvrage est de \guillemotleft{} d\'ecrire et comprendre la logique qui dirige le d\'eveloppement d...},
  copyright = {Tous droits r\'eserv\'es},
  langid = {french}
}

@article{depaule_fable_2014,
  title = {{La fable d'une fabrique \textemdash{} Ponge et son pr\'e}},
  author = {Depaule, Jean-Charles},
  year = {2014},
  month = oct,
  journal = {Gradhiva. Revue d'anthropologie et d'histoire des arts},
  number = {20},
  pages = {22--47},
  publisher = {{Mus\'ee du quai Branly}},
  issn = {0764-8928},
  doi = {10.4000/gradhiva.2821},
  urldate = {2022-12-22},
  abstract = {La publication, en 1971, de La Fabrique du pr\'e dans la collection \guillemotleft ~Les sentiers de la cr\'eation~\guillemotright{} des \'editions d'art Skira r\'epond chez Francis Ponge au d\'esir d'ouvrir son \guillemotleft ~atelier~\guillemotright{} et d'offrir la possibilit\'e au lecteur d'assister, apr\`es coup mais comme au pr\'esent, \`a la fabrication de ses textes, en l'occurrence \guillemotleft ~Le pr\'e~\guillemotright, paru quelques ann\'ees plus t\^ot. Restituer l'histoire de son \'ecriture \`a travers ses brouillons successifs impliquait des am\'enagements et, notamment, certains \guillemotleft ~artifices de la mise en page~\guillemotright{} \textendash{} mais \guillemotleft ~sans tricherie~\guillemotright{} \textendash{} pour emmener le lecteur en le prenant \guillemotleft ~par le bras~\guillemotright. Dans le cas de La Fabrique du pr\'e, le projet d'expliciter, en acte, un art po\'etique aboutit \`a un bel objet \'editorial qui semble \'echapper \`a son auteur, m\^eme s'il a \'et\'e associ\'e \`a sa r\'ealisation. On y voit en particulier se dessiner \textendash{} \`a son insu~? \textendash{} une esth\'etique de la rature.},
  copyright = {All rights reserved},
  isbn = {9782357440746},
  langid = {french},
  keywords = {brouillon,fiction critique,lecteur,mise en sc\`ene,r\'ecit},
  file = {/home/mame/snap/zotero-snap/common/Zotero/storage/XW6ZEF7P/Depaule - 2014 - La fable d’une fabrique — Ponge et son pré.pdf}
}

@article{derose_what_1997,
  title = {What {{Is Text}}, {{Really}}?},
  author = {DeRose, Steven J. and Durand, David G. and Mylonas, Elli and Renear, Allen H.},
  year = {1997},
  month = aug,
  journal = {SIGDOC Asterisk J. Comput. Doc.},
  volume = {21},
  number = {3},
  pages = {1--24},
  issn = {0731-1001},
  doi = {10.1145/264842.264843},
  urldate = {2013-10-04},
  abstract = {THE WAY IN WHICH TEXT IS represented on a computer affects the kinds of uses to which it can be put by its creator and by subsequent users. The electronic document model currently in use is impoverished and restrictive. The authors argue that text is best represented as an ordered hierarchy of content object (OHCO), because that is what text really is. This model conforms with emerging standards such as SGML and contains within it advantages for the writer, publisher, and researcher. The authors then describe how the hierarchical model can allow future use and reuse of the document as a database, hypertext, or network.}
}

@book{descartes_oeuvres_2010,
  title = {{Oeuvres philosophiques}},
  author = {Descartes, Ren{\'e} and Alqui{\'e}, Ferdinand and Moreau, Denis},
  year = {2010},
  series = {{Textes de philosophie}},
  edition = {\'Ed. corrig\'ee},
  number = {4},
  publisher = {{\'Ed. Classiques Garnier}},
  address = {{Paris}},
  isbn = {978-2-8124-0161-9},
  langid = {fre},
  lccn = {194}
}

@article{diestchy__2020,
  title = {{Le \guillemotleft{} faire \guillemotright{} au c\oe ur de l'initiation \`a l'\guillemotleft{} art de l'enqu\^ete \guillemotright}},
  author = {Diestchy, Mireille},
  year = {2020},
  month = dec,
  journal = {Terrains/Th\'eories},
  number = {12},
  publisher = {{Presses universitaires de Paris Nanterre}},
  issn = {2427-9188},
  urldate = {2022-12-21},
  abstract = {L'anthropologue britannique Tim Ingold, dans deux ouvrages r\'ecemment traduits Faire et L'anthropologie comme \'education, nous invite \`a questionner l'enseignement de l'anthropologie. Sa pens\'ee articule avec originalit\'e les enjeux de la cr\'eation et de l'enqu\^ete de terrain, de l'art et de l'anthropologie. Elle interroge des fronti\`eres disciplinaires fortement \'etablies, explicitant ce que la d\'emarche d'enqu\^ete (anthropologie) et le processus de cr\'eation (art, design et architecture) ont en partage...},
  copyright = {https://creativecommons.org/licenses/by-nc-nd/4.0/},
  langid = {french}
}

@book{dillon_palimpsest:_2007,
  title = {The Palimpsest: Literature, Criticism, Theory},
  shorttitle = {The Palimpsest},
  author = {Dillon, Sarah},
  year = {2007},
  series = {Continuum Literary Studies Series},
  publisher = {{Continuum}},
  address = {{London ; New York}},
  isbn = {978-0-8264-9545-7},
  keywords = {Authors and readers,Criticism,English literature,etc,History and criticism Theory,Intertextuality,Literature,Textual}
}

@article{dobretsov_relation_1975,
  title = {{[Relation between fluorescence and circular dichroism of the complex of the fluorescence probe 4-dimethylaminochalcone with serum albumin]}},
  author = {Dobretsov, G. E. and Kharitonenkov, I. G. and Mishiev, V. E. and Vladimirov, Iu A.},
  year = {1975},
  journal = {Biofizika},
  volume = {20},
  number = {4},
  pages = {581--585},
  issn = {0006-3029},
  abstract = {The fluorescence probe(4-dimethylaminochalcone; DMH) was noncovalently linked to human serum albumin (HSA). The variation of pH was due to serum albumin structural changes, which was determined in terms of DMH and HSA fluorescence and CD spectra. Considerable changes of fluorescence and CD spectra were observed at pH 8 and 10, where there is ionization of two more recently titrated tyrosin residues. It is assumed that these two tyrosine residues are in binding region and quench the fluorescence of DMH between pH 4 to 8. Quenching disappears if these residues are ionized (pH greater than 8) or if the protein undergoes the N -F transition (pH less than 4).},
  langid = {russian},
  pmid = {94},
  keywords = {Chalcone,Circular Dichroism,Humans,Hydrogen-Ion Concentration,Propiophenones,Serum Albumin,{Spectrometry, Fluorescence}}
}

@book{doueihi_pour_2011,
  title = {{Pour un humanisme num\'erique}},
  author = {Doueihi, Milad},
  year = {2011},
  publisher = {{Seuil}},
  address = {{Paris}},
  isbn = {978-2-02-100089-4 2-02-100089-3},
  langid = {french},
  keywords = {Internet}
}

@book{eberle-sinatra_pratiques_2014,
  title = {{Pratiques de l'\'edition num\'erique}},
  editor = {{Eberle-Sinatra}, Michael and Vitali Rosati, Marcello},
  year = {2014},
  series = {{Parcours num\'eriques}},
  publisher = {{Les Presses de l'Universit\'e de Montr\'eal}},
  address = {{Montr\'eal}},
  isbn = {978-2-7606-3202-8},
  langid = {fre}
}

@book{eco_oeuvre_2015,
  title = {{L'oeuvre ouverte}},
  author = {Eco, Umberto and {Roux de B{\'e}zieux}, Chantal},
  year = {2015},
  series = {{Points}},
  number = {107},
  publisher = {{\'Editions Points}},
  address = {{Paris}},
  isbn = {978-2-7578-5017-6},
  langid = {fre},
  lccn = {801.93}
}

@book{eco_oeuvre_2015,
  title = {{L'oeuvre ouverte}},
  author = {Eco, Umberto and {Roux de B{\'e}zieux}, Chantal},
  year = {2015},
  series = {{Points}},
  number = {107},
  publisher = {{\'Editions Points}},
  address = {{Paris}},
  isbn = {978-2-7578-5017-6},
  langid = {french}
}

@misc{emmanuel_invention_2021,
  title = {{L'invention de l'\'ecriture}},
  author = {Emmanuel},
  year = {2021},
  month = jun,
  journal = {La Manufacture d'id\'ees},
  urldate = {2023-08-23},
  abstract = {Rencontre avec la chercheuse Silvia Ferrara Pour quelle raison l'\'ecriture a-t-elle \'et\'e invent\'ee~? O\`u et comment cette r\'evolution a-t-elle eu lieu~? Est-elle constitutive de la naissance de l'\'Etat et d'une culture bureaucratique~? Silvia Ferrara nous fournira quelques \'el\'ements de r\'eponse en nous faisant voyager dans l'espace et dans le temps. Si la M\'esopotamie a longtemps \'et\'e consid\'er\'ee comme le berceau mondial de l'\'ecriture il y a environ 4000 ans, nous savons d\'esormais que des [\ldots ]},
  howpublished = {https://lamanufacturedidees.org/2021/06/30/linvention-de-lecriture/},
  langid = {french},
  file = {/home/mame/snap/zotero-snap/common/Zotero/storage/83PKCBCP/linvention-de-lecriture.html}
}

@book{faure_histoire_1991,
  title = {Histoire de l'art. {{L}}'esprit Des Formes},
  author = {Faure, Elie and Courtois, Martine},
  year = {1991},
  series = {Collection {{Folio}}/Essais},
  number = {176-177},
  publisher = {{Gallimard}},
  address = {{Paris}},
  isbn = {978-2-07-032521-4 978-2-07-032656-3},
  keywords = {Art,History}
}

@book{ferraris_ame_2014,
  title = {{\^Ame et iPad}},
  author = {Ferraris, Maurizio},
  translator = {Beauchet, H{\'e}l{\`e}ne},
  year = {2014},
  month = sep,
  journal = {\^Ame et iPad},
  series = {{Parcours num\'erique}},
  publisher = {{Presses de l'Universit\'e de Montr\'eal}},
  address = {{Montr\'eal}},
  doi = {10.4000/books.pum.289},
  urldate = {2023-03-16},
  abstract = {Existe-t-il vraiment un rapport entre l'\^ame et l'iPad ? La premi\`ere \'etant ce \guillemotleft{} spasme de remords \guillemotright{} qui nous rappelle que nous sommes vivants, et le second, l'expression la plus pouss\'ee de ce qu'est, aujourd'hui, la technologie. Couple aussi improbable qu'\'etrange, il est cependant li\'e par une affinit\'e profonde : l'\'ecriture. En effet, tous deux sont \guillemotleft{} des supports \guillemotright{} sur lesquels on lit, on \'ecrit, on archive, et cette \'ecriture, \`a l'int\'erieur et \`a l'ext\'erieur de l'esprit, est \`a l'origine de la conscience et du monde social. Dans cet essai philosophique, Maurizio Ferraris envisage le progr\`es technique en mettant l'accent sur ce qu'il r\'ev\`ele de la nature humaine et montre que l'\^ame et l'iPad sont v\'eritablement jumeaux.},
  copyright = {https://www.openedition.org/12554},
  isbn = {978-2-8218-5071-2},
  langid = {french},
  keywords = {\'ecriture,progr\`es technique,technologie}
}

@book{flusser_petite_2002,
  title = {{Petite philosophie du design}},
  author = {Flusser, Vil{\'e}m and Maillard, Claude},
  year = {2002},
  publisher = {{Circ\'e}},
  address = {{Belval}},
  isbn = {978-2-84242-145-8},
  langid = {fre},
  lccn = {720.1}
}

@book{flusser_shape_1999,
  title = {The Shape of Things: A Philosophy of Design},
  shorttitle = {The Shape of Things},
  author = {Flusser, Vil{\'e}m},
  year = {1999},
  publisher = {{Reaktion}},
  address = {{London}},
  isbn = {978-1-86189-055-9},
  langid = {english},
  file = {/home/mame/snap/zotero-snap/common/Zotero/storage/Z726UYU2/Flusser - 1999 - The shape of things a philosophy of design.pdf}
}

@book{flusser_vom_1997,
  title = {{Vom Stand der Dinge: eine kleine Philosophie des Designs}},
  shorttitle = {{Vom Stand der Dinge}},
  author = {Flusser, Vil{\'e}m and Wurm, Fabian},
  year = {1997},
  publisher = {{Steidl Verl}},
  address = {{G\"ottingen}},
  isbn = {978-3-88243-249-7},
  langid = {german},
  lccn = {1}
}

@book{foucault_archeologie_2008,
  title = {{L'arch\'eologie du savoir}},
  author = {Foucault, Michel},
  year = {2008},
  series = {{Tel}},
  number = {354},
  publisher = {{Gallimard}},
  address = {{Paris}},
  isbn = {978-2-07-011987-5},
  langid = {fre},
  lccn = {121}
}

@incollection{gagnon-arguin_genre_2015,
  title = {Genre de Dispositifs de M\'ediation Num\'erique et R\'egimes de Documentalit\'e},
  booktitle = {Les Genres de Documents Dans Les Organisations, {{Analyse}} Th\'eorique et Pratique},
  author = {Zacklad, Manuel},
  year = {2015},
  pages = {145--183},
  publisher = {{PUQ}},
  address = {{Qu\'ebex}},
  collaborator = {Gagnon-Arguin, L. and Mas, S. and Maurel, D.}
}

@book{galloway_excommunication:_2014,
  title = {Excommunication: Three Inquiries in Media and Mediation},
  shorttitle = {Excommunication},
  editor = {Galloway, Alexander R. and Thacker, Eugene and Wark, McKenzie},
  year = {2014},
  series = {Trios},
  publisher = {{The University of Chicago Press}},
  address = {{Chicago ; London}},
  isbn = {978-0-226-92521-9 978-0-226-92522-6},
  keywords = {Communication,Psychological aspects,Social aspects}
}

@book{galloway_excommunication:_2014,
  title = {Excommunication: Three Inquiries in Media and Mediation},
  shorttitle = {Excommunication},
  editor = {Galloway, Alexander R. and Thacker, Eugene and Wark, McKenzie},
  year = {2014},
  series = {Trios},
  publisher = {{The University of Chicago Press}},
  address = {{Chicago ; London}},
  isbn = {978-0-226-92521-9 978-0-226-92522-6},
  keywords = {Communication,Psychological aspects,Social aspects}
}

@book{galloway_interface_2013,
  title = {The {{Interface Effect}}},
  author = {Galloway, Alexander R},
  year = {2013},
  publisher = {{John Wiley \& Sons}},
  address = {{New York, NY}},
  urldate = {2020-02-17},
  isbn = {978-0-7456-6292-3 978-0-7456-7610-4},
  langid = {english}
}

@article{gardey_au_2009,
  title = {Au C\oe ur \`a Corps Avec Le "{{Manifeste Cyborg}}" de {{Donna Haraway}}},
  author = {Gardey, Delphine},
  year = {2009},
  journal = {Esprit},
  number = {353 (3/4)},
  eprint = {24268060},
  eprinttype = {jstor},
  pages = {208--217},
  publisher = {{Editions Esprit}},
  issn = {0014-0759},
  urldate = {2022-06-10},
  abstract = {Paru en 1985, le manifeste de Donna Haraway publi\'e aux \'Etats-Unis s'interrogeait sur le destin des utopies des d\'ecennies pr\'ec\'edentes. Anticipant sur le d\'eveloppement de la toile, il est devenu un texte phare de la culture informatique et digitale et sert encore d'inspiration pour de nombreux activistes cybernautes.},
  file = {/home/mame/snap/zotero-snap/common/Zotero/storage/247FVU8X/Gardey - 2009 - Au cœur à corps avec le Manifeste Cyborg de Donn.pdf}
}

@book{genette_loeuvre_1994,
  title = {L'\oe uvre de l'art},
  author = {Genette, G{\'e}rard},
  year = {1994},
  series = {Collection {{Po\'etique}}},
  publisher = {{Editions du Seuil}},
  address = {{Paris}},
  isbn = {978-2-02-021736-1 978-2-02-030014-8},
  lccn = {BH202 .G46 1994},
  keywords = {20th century,{Aesthetics, Modern},Art,Philosophy}
}

@book{genette_oeuvre_2010,
  title = {{L'oeuvre de l'art}},
  author = {Genette, G{\'e}rard},
  year = {2010},
  series = {{Collection Po\'etique}},
  publisher = {{\'Ed. du Seuil}},
  address = {{Paris}},
  isbn = {978-2-02-102252-0},
  langid = {fre},
  lccn = {701}
}

@book{genette_palimpseste._1982,
  title = {Palimpseste. {{La Litt\'erature}} Au Second Degr\'e},
  author = {Genette, G{\'e}rard},
  year = {1982},
  edition = {\'Editions du Seuil},
  address = {{Paris}}
}

@article{gervais_imaginaire_2016,
  title = {{Imaginaire de la fin du livre : figures du livre et pratiques illitt\'eraires}},
  shorttitle = {{Imaginaire de la fin du livre}},
  author = {Gervais, Bertrand},
  year = {2016},
  month = jan,
  journal = {LHT Fabula},
  issn = {2100-0689},
  abstract = {In a cultural context characterized by the perceived demise of the book, many new figures of the book and the text have appeared. These ``figures'' are books but are also, more precisely, texts that are no longer given as something to be read, but rather to be looked at. Texts that have become, at least in part, illegible, where the access to signs and meaning is hampered, one way or another. These texts have been erased, altered or made opaque by an excessive amount of notes or signs, or by an overly complex page layout. The consequence of such transformations is that the iconic aspect overcomes the linguistic aspect. Three examples are here considered: Tom Phillip's A Humument. A treated Victorian Novel; Jochen Gerner's TNT en Am\'erique and Jonathan Safran Foer's Tree of Codes. In all three cases, the work of appropriation and transfiguration does not lead to the model of the book being entirely relinquished; the format is preserved, in spite of everything.},
  langid = {french}
}

@book{gervais_recits_1990,
  title = {{R\'ecits et actions: pour une th\'eorie de la lecture}},
  shorttitle = {{R\'ecits et actions}},
  author = {Gervais, Bertrand},
  year = {1990},
  series = {{Collection l'univers des discours}},
  publisher = {{Le Pr\'eambule}},
  address = {{Longueuil}},
  isbn = {978-2-89133-112-8},
  langid = {fre}
}

@book{gitelman_scripts_1999,
  title = {Scripts, {{Grooves}}, and {{Writing Machines}}: {{Representing Technology}} in the {{Edison Era}}},
  shorttitle = {Scripts, {{Grooves}}, and {{Writing Machines}}},
  author = {Gitelman, Lisa},
  year = {1999},
  publisher = {{Stanford University Press}},
  address = {{Stanford}},
  abstract = {This is a richly imaginative study of machines for writing and reading at the end of the nineteenth century in America. Its aim is to explore writing and reading as culturally contingent experiences, and at the same time to broaden our view of the relationship between technology and textuality.At the book's heart is the proposition that technologies of inscription are materialized theories of language. Whether they failed (like Thomas Edison's ``electric pen'') or succeeded (like typewriters), inscriptive technologies of the late nineteenth century were local, often competitive embodiments of the way people experienced writing and reading. Such a perspective cuts through the determinism of recent accounts while arguing for an interdisciplinary method for considering texts and textual production.Starting with the cacophonous promotion of shorthand alphabets in postbellum America, the author investigates the assumptions\textemdash social, psychic, semiotic\textemdash that lie behind varying inscriptive practices. The ``grooves'' in the book's title are the delicate lines recorded and played by phonographs, and readers will find in these pages a surprising and complex genealogy of the phonograph, along with new readings of the history of the typewriter and of the earliest silent films. Modern categories of authorship, representation, and readerly consumption emerge here amid the un- or sub-literary interests of patent attorneys, would-be inventors, and record producers. Modern subjectivities emerge both in ongoing social constructions of literacy and in the unruly and seemingly unrelated practices of American spiritualism, ``Coon'' songs, and Rube Goldberg-type romanticism.Just as digital networks and hypertext have today made us more aware of printed books as knowledge structures, the development and dissemination of the phonograph and typewriter coincided with a transformed awareness of oral and inscribed communication. It was an awareness at once influential in the development of consumer culture, literary and artistic experiences of modernity, and the disciplinary definition of the ``human'' sciences, such as linguistics, anthropology, and psychology. Recorded sound, typescripts, silent films, and other inscriptive media are memory devices, and in today's terms the author offers a critical theory of ROM and RAM for the century before computers.},
  isbn = {978-0-8047-3270-3},
  keywords = {Cinema and Media Studies,Literary Studies -- American,Philosophy -- History and Philosophy of Science}
}

@book{gleize_francis_1986,
  title = {Francis {{Ponge}}},
  editor = {Gleize, Jean-Marie},
  year = {1986},
  series = {Cahier de l'{{Herne}}},
  number = {no 51},
  publisher = {{Editions de l'Herne}},
  address = {{Paris}},
  isbn = {978-2-85197-056-5},
  lccn = {PQ2631.O643 Z65 1986},
  keywords = {Criticism and interpretation,{Ponge, Francis}}
}

@book{goldsmith_ecriture_2018,
  title = {{L'\'ecriture sans \'ecriture: du langage \`a l'\^age num\'erique}},
  shorttitle = {{L'\'ecriture sans \'ecriture}},
  author = {Goldsmith, Kenneth and Bon, Fran{\c c}ois},
  year = {2018},
  isbn = {978-2-36568-017-2},
  langid = {french}
}

@book{goldsmith_uncreative_2011,
  title = {Uncreative Writing: Managing Language in the Digital Age},
  shorttitle = {Uncreative Writing},
  author = {Goldsmith, Kenneth},
  year = {2011},
  publisher = {{Columbia University Press}},
  address = {{New York}},
  isbn = {978-0-231-14990-7 978-0-231-14991-4},
  keywords = {artistic,Authors,Creation (Literary,Creative writing,Data processing,Effect of technological innovations on,etc.),History and criticism,Literature and technology,Literature and the Internet,Modernism (Literature),Poetics,Study and teaching}
}

@book{goodman_languages_1976,
  title = {Languages of {{Art}}: {{An Approach}} to a {{Theory}} of {{Symbols}}},
  shorttitle = {Languages of {{Art}}},
  author = {Goodman, Nelson},
  year = {1976},
  month = jan,
  publisher = {{Hackett Publishing}},
  abstract = {\&quot;Like Dewey, he has revolted against the empiricist dogma and the Kantian dualisms which have compartmentalized philosophical thought. . . . Unlike Dewey, he has provided detailed incisive argumentation, and has shown just where the dogmas and dualisms break down.\&quot; --Richard Rorty, The Yale Review},
  isbn = {978-0-915144-34-1},
  langid = {english},
  keywords = {Philosophy / Criticism}
}

@article{guez_mort_2017,
  title = {{La mort de l'auteur selon Friedrich Kittler}},
  author = {Guez, Emmanuel and Vargoz, Fr{\'e}d{\'e}rique},
  year = {2017},
  month = oct,
  journal = {Appareil},
  number = {19},
  publisher = {{Maison des Sciences de l'Homme Paris Nord}},
  issn = {2101-0714},
  doi = {10.4000/appareil.2561},
  urldate = {2023-01-05},
  abstract = {En 1900, St\'ephane Mallarm\'e, Christian Morgenstern, Hugo Ball ou encore Stefan George bouleversent la cr\'eation litt\'eraire en produisant des \oe uvres qui semblent s'affranchir du sens en m\^eme temps qu'elles exp\'erimentent les mat\'erialit\'es de la page, des lettres ou des sons. Une partie de la litt\'erature ne se pr\'eoccupe plus d'ouvrir \`a un monde de l'imagination accessible par-del\`a les lettres \'ecrites, et explore au contraire l'\'ecriture automatique ou le pouvoir de signifiants qui font obstacle \`a l'intentionnalit\'e de l'acte d'\'ecriture. Mais un auteur qui ne se reconna\^it plus dans ce qu'il \'ecrit est-il encore un auteur~? Si \`a l'\^age classique folie et litt\'erature s'excluaient, le xxe~si\`ecle est le si\`ecle d'une \'ecriture qui s'\'ecrit toute seule, et qui \`a ce titre \'echappe \`a l'exigence du sens pour devenir un simple jeu de symboles, c'est-\`a-dire un code qui ne peut se d\'echiffrer qu'a posteriori. Pour Friedrich Kittler, l'auteur est une fonction de son environnement m\'edia-technique et celui de 1900 est fa\c{c}onn\'e par l'apparition du phonographe, qui enregistre ce que l'\'ecriture \'echouait \`a dire (les bruits), du cin\'ema qui convoque l'imaginaire en agissant directement sur le syst\`eme nerveux et de la machine \`a \'ecrire qui permet d'\'ecrire plus vite que l'on ne pense. Si tout s'\'ecrit, que faut-il lire et comment~? Le tournant du xixe~si\`ecle est aussi l'\'epoque en Europe d'une r\'eforme p\'edagogique qui encourage les libres essais des \'el\`eves et non plus la lecture des auteurs classiques. La \guillemotleft ~mort de l'auteur~\guillemotright, \'enonc\'ee par Roland Barthes et Michel Foucault, est ainsi en r\'ealit\'e pour Friedrich Kittler celle de l'auteur de ce qu'il appelle le syst\`eme d'inscription 1800, c'est-\`a-dire le r\'eseau institutionnel et technique d\'eterminant les modalit\'es selon lesquelles les donn\'ees peuvent \^etre, \`a cette \'epoque, adress\'ees, stock\'ees et trait\'ees. Ce qui dispara\^it est le monopole d'une conception herm\'eneutique de la lecture qui faisait d'un monde d'id\'ees universelles le fondement et l'horizon de la litt\'erature et de la lecture, pour laisser place aux mat\'erialit\'es de l'\'ecriture et \`a une prise en compte renouvel\'ee de la visualit\'e de la page graphique.},
  copyright = {https://creativecommons.org/licenses/by-nc-nd/4.0/},
  langid = {french},
  keywords = {auteur,\'ecriture,imaginaire,lecture,litt\'erature num\'erique,mort de l'auteur,sujet,syst\`eme d'enregistrement,syst\`eme d'inscription,th\'eorie des m\'edia},
  file = {/home/mame/snap/zotero-snap/common/Zotero/storage/KDCTC249/Guez and Vargoz - 2017 - La mort de l’auteur selon Friedrich Kittler.pdf}
}

@article{gunder_forming_2001,
  title = {Forming the {{Text}}, {{Performing}} the {{Work}} - {{Aspects}} of {{Media}}, {{Navigation}}, and {{Linking}}},
  author = {Gunder, Anna},
  year = {2001},
  journal = {Human IT: Journal for Information Technology Studies as a Human Science},
  volume = {5},
  number = {2-3},
  issn = {1402-151X},
  urldate = {2023-05-18},
  abstract = {This article proposes a theoretical framework intended to facilitate descriptions and discussions of texts of works in different media. The main theoretical traditions which have inspired this endeavor are, on the one hand, textual criticism (with scholars such as Fredson Bowers, D. C. Greetham, Jerome J. McGann, D. F. McKenzie, Peter L. Shillingsburg, and G. Thomas Tanselle), and, on the other hand, hypertext theory (represented by theorists like Espen Aarseth, Jay David Bolter, Jane Yellowlees Douglas, Michael Joyce, George P. Landow, and Janet H. Murray). The study aims to combine and develop the perspectives of such theoretical traditions in order to suggest a more consistent and extensive set of concepts for the analysis of how narratives are stored and disseminated. The study examines the structural aspects of texts and works, and deals with storage, presentation and reproduction of works. Moreover, the structure of works and texts, as well as the navigation related to these structures, are discussed. The study also includes an in-depth discussion on links and linking, and a new terminology is suggested for the subject. The most important concepts discussed are work, text, version, variant, storage medium, storage sign, presentation medium, presentation sign, storage capacity, life expectancy, direct text access, indirect text access, copy, edition, impression, issue, monosequential, multisequential, content space and axial structure. Furthermore, the concepts of network structure and lateral structure as well as hypertext, ergodicity, link and linking are examined.},
  copyright = {Copyright (c)},
  langid = {english},
  file = {/home/mame/snap/zotero-snap/common/Zotero/storage/CA7M3M8R/Gunder - 2001 - Forming the Text, Performing the Work - Aspects of.pdf}
}

@book{haraway_manifeste_2007,
  title = {{Manifeste cyborg et autres essais: sciences, fictions, f\'eminismes}},
  shorttitle = {{Manifeste cyborg et autres essais}},
  author = {Haraway, Donna Jeanne and Allard, Laurence and Gardey, Delphine},
  year = {2007},
  series = {{Essais}},
  publisher = {{Exils}},
  address = {{Paris}},
  isbn = {978-2-912969-63-7},
  langid = {french}
}

@book{hayles_how_1999,
  title = {How We Became Posthuman: Virtual Bodies in Cybernetics, Literature, and Informatics},
  shorttitle = {How We Became Posthuman},
  author = {Hayles, Katherine},
  year = {1999},
  publisher = {{University of Chicago Press}},
  address = {{Chicago, Ill}},
  isbn = {978-0-226-32145-5 978-0-226-32146-2},
  keywords = {Artificial intelligence,Computer science,Cybernetics,Virtual reality,Virtual reality in literature}
}

@book{hayles_how_2012,
  title = {How {{We Think}}: {{Digital Media}} and {{Contemporary Technogenesis}}},
  shorttitle = {How {{We Think}}},
  author = {Hayles, N. Katherine},
  year = {2012},
  publisher = {{University of Chicago Press}},
  address = {{Chicago, IL}},
  urldate = {2022-01-27},
  abstract = {``How do we think?'' N. Katherine Hayles poses this question at the beginning of this bracing exploration of the idea that we think through, with, and alongside media. As the age of print passes and new technologies appear every day, this proposition has become far more complicated, particularly for the traditionally print-based disciplines in the humanities and qualitative social sciences. With a rift growing between digital scholarship and its print-based counterpart, Hayles argues for contemporary technogenesis\textemdash the belief that humans and technics are coevolving\textemdash and advocates for what she calls comparative media studies, a new approach to locating digital work within print traditions and vice versa.Hayles examines the evolution of the field from the traditional humanities and how the digital humanities are changing academic scholarship, research, teaching, and publication. She goes on to depict the neurological consequences of working in digital media, where skimming and scanning, or ``hyper reading,'' and analysis through machine algorithms are forms of reading as valid as close reading once was. Hayles contends that we must recognize all three types of reading and understand the limitations and possibilities of each. In addition to illustrating what a comparative media perspective entails, Hayles explores the technogenesis spiral in its full complexity. She considers the effects of early databases such as telegraph code books and confronts our changing perceptions of time and space in the digital age, illustrating this through three innovative digital productions\textemdash Steve Tomasula's electronic novel, TOC; Steven Hall's The Raw Shark Texts; and Mark Z. Danielewski's Only Revolutions. Deepening our understanding of the extraordinary transformative powers digital technologies have placed in the hands of humanists, How We Think presents a cogent rationale for tackling the challenges facing the humanities today.},
  langid = {english}
}

@book{hayles_my_2005,
  title = {My Mother Was a Computer: Digital Subjects and Literary Texts},
  shorttitle = {My Mother Was a Computer},
  author = {Hayles, N. Katherine},
  year = {2005},
  publisher = {{University of Chicago Press}},
  address = {{Chicago}},
  isbn = {978-0-226-32147-9 978-0-226-32148-6},
  lccn = {Q342 .H39 2005},
  keywords = {20th century,American literature,Computational intelligence,Computers in literature,History and criticism,Human-computer interaction,Virtual reality}
}

@book{heidegger_question_1977,
  title = {The Question Concerning Technology, and Other Essays},
  author = {Heidegger, Martin},
  year = {1977},
  publisher = {{Garland Pub}},
  address = {{New York}},
  isbn = {978-0-8240-2427-7},
  langid = {english},
  keywords = {Ontology,Technology}
}

@article{heilbroner_machines_1967,
  title = {Do {{Machines Make History}}?},
  author = {Heilbroner, Robert L.},
  year = {1967},
  month = jul,
  journal = {Technology and Culture},
  volume = {8},
  number = {3},
  eprint = {3101719},
  eprinttype = {jstor},
  pages = {335},
  issn = {0040165X},
  doi = {10.2307/3101719},
  urldate = {2023-10-20}
}

@book{herbertz_zur_1909,
  title = {{Zur Psychologie des Maschinenschreibens}},
  author = {Herbertz, Richard},
  year = {1909},
  publisher = {{J. A. Barth}},
  googlebooks = {QZ4aSQAACAAJ},
  langid = {ngerman}
}

@book{herrenschmidt_les_2007,
  title = {Les Trois \'Ecritures: {{Langue}}, Nombre, Code},
  shorttitle = {Les Trois \'Ecritures},
  author = {Herrenschmidt, Clarisse},
  year = {2007},
  series = {Biblioth\`eque Des Sciences Humaines},
  publisher = {{Gallimard}},
  address = {{Paris, France}},
  isbn = {978-2-07-076025-1},
  keywords = {Anthropological linguistics,Data processing,History,Money,Numeration,Semiotics,Social anthropology - Philology - Linguistics,Writing}
}

@incollection{hodges_forgotten_2016,
  title = {The {{Forgotten Turing}}},
  booktitle = {The {{Once}} and {{Future Turing}}: {{Computing}} the {{World}}},
  author = {Hyland, J.M.E.},
  editor = {Hodges, Andrew and Cooper, S. Barry},
  year = {2016},
  pages = {20--33},
  publisher = {{Cambridge University Press}},
  address = {{Cambridge}},
  doi = {10.1017/CBO9780511863196.005},
  urldate = {2023-10-20},
  abstract = {In fond memory of Robin Oliver Gandy: 1919\textendash 1995IntroductionAlan Turing is remembered for many things. He is widely known as code breaker and cryptographer, and as \textendash{} at least in some sense \textendash{} inventor of the computer. He is if anything even more famous as the father of artificial intelligence. Beyond that he was a mathematician, mathematical logician and pioneer in the study of morphogenesis.Logicians remember Turing for his celebrated Entscheidungsproblem paper (Turing, 1937a), for work on the {$\lambda$} -calculus (Turing, 1937b) and, if they are cognoscenti, for his second great paper (Turing, 1939) in the Proceedings of the London Mathematical Society. All that work was completed by 1940. It is not widely appreciated that Turing's interest in logic continued to the end of his life. His later interest in the theory of types, a central area in the foundations of mathematics, is largely forgotten. That interest has had more influence than is evident. I am going to tell the story: it is an odd one.The one and only studentMy D.Phil. supervisor at Oxford was Robin Gandy: he was the only person to take a doctorate under Turing's supervision, and also one of his closest friends.While Turing had only one student, Gandy had many. I was one of the the cohort from the early 1970s. Gandy rather liked the thought that his students were intellectual grandchildren of Turing. We mostly cared rather less about that, but from Gandy's reminiscences we all caught a glimpse of Turing through the eyes of someone who had known him very well. Turing met Gandy in 1940 at a party in King's College, Cambridge. Gandy was a third year student, while Turing, who had intermitted his Fellowship of the College at the start of the war, was already engaged in his celebrated work at Bletchley Park. During the war, Gandy became a friend and then much later Turing's student. By the end of Turing's life Gandy had begun his academic career as a Lecturer in Applied Mathematics at Leicester. You can read about their unique relationship in the Turing biography by Andrew Hodges (1983). Here I shall focus on Turing's influence on Gandy as his Ph.D. supervisor.},
  isbn = {978-1-107-01083-3}
}

@article{huang_henri_2014,
  title = {{Henri Michaux et l'aventure du geste}},
  author = {Huang, Bei},
  year = {2014},
  journal = {Litt\'erature},
  volume = {175},
  number = {3},
  pages = {106--122},
  publisher = {{Armand Colin}},
  address = {{Paris}},
  issn = {0047-4800},
  doi = {10.3917/litt.175.0106},
  urldate = {2023-02-08},
  abstract = {Si la peinture de Michaux provient d'une vieille col\`ere contre \guillemotleft{} le verbal \guillemotright, elle n'a jamais tout \`a fait abandonn\'e l'\'ecriture. En essayant d'inventer ses propres \guillemotleft{} id\'eogrammes \guillemotright, Michaux, changeant la plume en pinceau, trouve la voie des signes par le geste calligraphique. D'abord exorcisant, le geste conduit le signe au trait pour enfin se purifier dans un mouvement \'el\'ementaire de trac\'e. D\'ebarrass\'e peu \`a peu du langage, il n'est plus l'expression d'une ant\'eriorit\'e : il fait le pr\'esent, par le rythme.},
  langid = {french},
  file = {/home/mame/snap/zotero-snap/common/Zotero/storage/WWP4LNJN/revue-litterature-2014-3-page-106.html}
}

@misc{ina_livre_1964,
  title = {{Le livre de poche et le m\'epris}},
  author = {INA},
  year = {1964},
  urldate = {2023-10-24},
  langid = {french},
  file = {/home/mame/snap/zotero-snap/common/Zotero/storage/DPIFQ47E/le-livre-de-poche-et-le-mepris.html}
}

@book{ingarden_loeuvre_1983,
  title = {L'\oe uvre d'art Litt\'eraire},
  author = {Ingarden, Roman},
  year = {1983},
  publisher = {{L'\^age d'homme}},
  urldate = {2023-10-20},
  isbn = {978-2-8251-2141-2},
  file = {/home/mame/snap/zotero-snap/common/Zotero/storage/XNRQ7NTW/210.html}
}

@misc{ingold_entre_2021,
  title = {{Entre les lignes}},
  author = {Ingold, Tim},
  year = {2021},
  month = jul,
  urldate = {2023-02-10},
  abstract = {Rencontre avec l'anthropologue Tim Ingold (G.B.) Il y a tout juste dix ans paraissait Une br\`eve histoire des lignes, un des ouvrages de sciences sociales les plus originaux et les plus stimulants de ces derni\`eres ann\'ees. Partant du postulat que les activit\'es humaines ont de tout temps trac\'e et fabriqu\'e des lignes \textendash{} que ce soit dans la marche, l'\'ecriture, le dessin ou le tissage \textendash{} et qu'une \guillemotleft ~\'etude des hommes et des choses~est [\ldots ]},
  langid = {french}
}

@book{ingold_faire_2017,
  title = {{Faire: anthropologie, arch\'eologie, art et architecture}},
  shorttitle = {{Faire}},
  author = {Ingold, Tim and Gosselin, Herv{\'e} and Afeissa, Hicham-St{\'e}phane},
  year = {2017},
  publisher = {{\'Editions Dehors}},
  address = {{Bellevaux}},
  isbn = {978-2-36751-010-1},
  langid = {fre},
  lccn = {301.07}
}

@article{ingold_loutil_2010,
  title = {{L'Outil, l'esprit et la machine : Une excursion dans la philosophie de la \guillemotleft{} technologie \guillemotright}},
  shorttitle = {{L'Outil, l'esprit et la machine}},
  author = {Ingold, Tim},
  translator = {Virmani, Arundhati},
  year = {2010},
  month = jun,
  journal = {Techniques \& Culture. Revue semestrielle d'anthropologie des techniques},
  number = {54-55},
  pages = {291--311},
  publisher = {{Les \'Editions de l'EHESS}},
  issn = {0248-6016},
  doi = {10.4000/tc.5004},
  urldate = {2023-04-21},
  abstract = {Les machines font-elles l'histoire~? La r\'eponse \`a cette question \'etablit une articulation entre les outils et les machines, d'une part, et la technique et la \guillemotleft ~technologie~\guillemotright{} d'autre part, cela afin de montrer comment la transition des syst\`emes \guillemotleft ~qualifi\'es~\guillemotright{} \`a des syst\`emes \guillemotleft ~m\'ecaniquement d\'eterminants~\guillemotright{} d\'ecompose ce \guillemotleft ~faire~\guillemotright{} en \'etapes ind\'ependantes (la conception et l'ex\'ecution) et d\'eplace l'intervention humaine du centre \`a la p\'eriph\'erie de la production. Compte tenu du fait que la capacit\'e humaine de travail rel\`eve non seulement des possibilit\'es physiques mais aussi des connaissances et des qualifications (elles-m\^emes port\'ees par le sujet humain), l'\'evolution historique des forces productives peut \^etre comprise comme un processus par quoi le savoir s'ext\'eriorise et se mat\'erialise sous les esp\`eces de l'objet, processus qui aboutit \`a la \guillemotleft ~technologie~\guillemotright{} et \`a la machine.},
  copyright = {All rights reserved},
  langid = {french},
  file = {/home/mame/snap/zotero-snap/common/Zotero/storage/KQKG8GXN/Ingold - 2010 - L’Outil, l’esprit et la machine  Une excursion da.pdf}
}

@book{ingold_making_2013,
  title = {Making: Anthropology, Archaeology, Art and Architecture},
  shorttitle = {Making},
  author = {Ingold, Tim},
  year = {2013},
  publisher = {{Routledge}},
  address = {{Milton Park, Abingdon, Oxon}},
  isbn = {978-0-415-56722-0 978-0-415-56723-7},
  langid = {english},
  lccn = {306.01}
}

@book{ingold_perception_2000,
  title = {The {{Perception}} of the {{Environment}}: {{Essays}} on {{Livelihood}}, {{Dwelling}} and {{Skill}}},
  shorttitle = {The {{Perception}} of the {{Environment}}},
  author = {Ingold, Tim},
  year = {2000},
  month = oct,
  publisher = {{Routledge}},
  address = {{London}},
  doi = {10.4324/9780203466025},
  abstract = {In this work Tim Ingold offers a persuasive approach to understanding how human beings perceive their surroundings. He argues that what we are used to calling cultural variation consists, in the first place, of variations in skill. Neither innate nor acquired, skills are grown, incorporated into the human organism through practice and training in an environment. They are thus as much biological as cultural. The twenty-three essays comprising this book focus in turn on the procurement of livelihood, on what it means to 'dwell', and on the nature of skill, weaving together approaches from social anthropology, ecological psychology, developmental biology and phenomenology in a way that has never been attempted before. The book is set to revolutionise the way we think about what is 'biological' and 'cultural' in humans, about evolution and history, and indeed about what it means for human beings - at once organisms and persons - to inhabit an environment. The Perception of the Environment will be essential reading not only for anthropologists but also for biologists, psychologists, archaeologists, geographers and philosophers.},
  isbn = {978-0-203-46602-5}
}

@article{ingold_tools_1989,
  title = {Tools, Minds and Machines : An Excursion in the Philosophy of Technology},
  shorttitle = {Tools, Minds and Machines},
  author = {Ingold, Tim},
  year = {1989},
  month = jun,
  journal = {Techniques \& Culture. Revue semestrielle d'anthropologie des techniques},
  number = {12},
  publisher = {{Les \'Editions de l'EHESS}},
  issn = {0248-6016},
  doi = {10.4000/tc.805},
  urldate = {2023-10-20},
  copyright = {All rights reserved},
  langid = {english},
  file = {/home/mame/snap/zotero-snap/common/Zotero/storage/4BPTREFY/Ingold - 1989 - Tools, minds and machines  an excursion in the ph.pdf}
}

@book{junger_cabane_2014,
  title = {{La cabane dans la vigne: journal 1945-1948}},
  shorttitle = {{La cabane dans la vigne}},
  author = {J{\"u}nger, Ernst and Betz, Maurice and Hervier, Julien},
  year = {2014},
  series = {{Titres}},
  number = {titre 175},
  publisher = {{C. Bourgois}},
  address = {{Paris}},
  isbn = {978-2-267-02611-5},
  langid = {fre},
  lccn = {838.910 3 (oeuvre)}
}

@book{kittler_aufschreibesysteme_2003,
  title = {{Aufschreibesysteme 1800, 1900}},
  author = {Kittler, Friedrich A.},
  year = {2003},
  edition = {3., vollst. \"uberarb. Neuaufl},
  publisher = {{Fink}},
  address = {{M\"unchen}},
  isbn = {978-3-7705-2881-3},
  langid = {german},
  lccn = {302.224 4094}
}

@book{kittler_discourse_1990,
  title = {Discourse Networks 1800/1900},
  author = {Kittler, Friedrich A.},
  year = {1990},
  publisher = {{Stanford University Press}},
  address = {{Stanford, Calif}},
  isbn = {978-0-8047-2099-1 978-0-8047-1616-1},
  langid = {english}
}

@book{kittler_draculas_1993,
  title = {{Draculas Verm\"achtnis: technische Schriften}},
  shorttitle = {{Draculas Verm\"achtnis}},
  author = {Kittler, Friedrich A.},
  year = {1993},
  series = {{Reclam-Bibliothek}},
  edition = {1. Aufl},
  number = {1476},
  publisher = {{Reclam}},
  address = {{Leipzig}},
  isbn = {978-3-379-01476-2},
  langid = {german},
  file = {/home/mame/snap/zotero-snap/common/Zotero/storage/IPCJEREK/Kittler - 1993 - Draculas Vermächtnis technische Schriften.pdf}
}

@book{kittler_gramophone_1999,
  title = {Gramophone, Film, Typewriter},
  author = {Kittler, Friedrich A.},
  year = {1999},
  series = {Writing Science},
  publisher = {{Stanford University Press}},
  address = {{Stanford, Calif}},
  isbn = {978-0-8047-3232-1 978-0-8047-3233-8},
  langid = {english},
  keywords = {19th century,20th century,Communication,Communication and technology,History}
}

@book{kittler_gramophone_2018,
  title = {{Gramophone, film, typewriter}},
  author = {Kittler, Friedrich A. and Vargoz, Fr{\'e}d{\'e}rique and Alloa, Emmanuel and Guez, Emmanuel},
  year = {2018},
  series = {{M\'edias / th\'eories}},
  publisher = {{les Presses du r\'eel}},
  address = {{Dijon}},
  isbn = {978-2-84066-679-0},
  langid = {fre},
  lccn = {302.230 904}
}

@book{kittler_mode_2015,
  title = {{Mode prot\'eg\'e}},
  author = {Kittler, Friedrich A. and Vargoz, Fr{\'e}d{\'e}rique and Guez, Emmanuel and Parikka, Jussi},
  year = {2015},
  series = {{La petite collection Arts-H2H}},
  publisher = {{les Presses du r\'eel Labex Arts-H2H}},
  address = {{Dijon Saint-Denis}},
  isbn = {978-2-84066-792-6},
  langid = {fre},
  lccn = {302.231 01}
}

@article{klock-fontanille_supports_2010,
  title = {{Des supports pour \'ecrire d'Uruk \`a Internet}},
  author = {{Klock-Fontanille}, Isabelle},
  year = {2010},
  journal = {Le fran\c{c}ais aujourd'hui},
  volume = {170},
  number = {3},
  pages = {13--30},
  publisher = {{Armand Colin}},
  address = {{Paris}},
  issn = {0184-7732},
  doi = {10.3917/lfa.170.0013},
  urldate = {2023-09-27},
  langid = {french},
  file = {/home/mame/snap/zotero-snap/common/Zotero/storage/SEH5LBPD/Klock-Fontanille - 2010 - Des supports pour écrire d'Uruk à Internet.pdf;/home/mame/snap/zotero-snap/common/Zotero/storage/IQIP24GB/revue-le-francais-aujourd-hui-2010-3-page-13.html}
}

@book{lange-berndt_materiality_2015,
  title = {Materiality},
  editor = {{Lange-Berndt}, Petra},
  year = {2015},
  series = {Documents of Contemporary Art},
  publisher = {{Whitechapel Gallery ; The MIT Press}},
  address = {{London : Cambridge, Massachusetts}},
  isbn = {978-0-262-52809-2},
  lccn = {N6490 .M337 2015},
  keywords = {20th century,21st century,{Art, Modern},Artists' materials,{Themes, motives}}
}

@article{larrue_lintermedialite_2020,
  title = {{De l'interm\'edialit\'e \`a l'excommunication}},
  author = {Larrue, Jean-Marc},
  year = {2020},
  month = nov,
  journal = {Cahiers d'\'Etudes Germaniques},
  volume = {1 volume},
  number = {79},
  pages = {31--48},
  publisher = {{Universit\'e Aix-Marseille (AMU)}},
  issn = {0751-4239},
  doi = {10.4000/ceg.12226},
  urldate = {2022-10-21},
  abstract = {La pens\'ee interm\'ediale a \`a peine trente ans, mais les ph\'enom\`enes interm\'ediaux qu'elle explore sont aussi anciens que les plus anciens m\'edias qui, du point de vue interm\'edial, incluent les pratiques artistiques et litt\'eraires, dont le th\'e\^atre et les arts vivants. N\'ee dans l'effervescence des d\'eveloppements des technologies et des applications num\'eriques, la pens\'ee interm\'ediale est une pens\'ee de la m\'ediation. Elle s'est d'abord centr\'ee sur les m\'edias, leur gen\`ese, leurs interactions, leur action sur les milieux d'o\`u ils \'emergent et qu'ils transforment. Puis une question s'est impos\'ee petit \`a petit, que personne n'attendait~vraiment : est-ce que les m\'edias existent~? L'attention des interm\'edialistes s'est ainsi progressivement d\'eplac\'ee, depuis le milieu des ann\'ees 2000, passant du m\'edia \`a la m\'ediation, ce qui a pour effet d'ouvrir d'autres chantiers tout aussi inattendus qui forcent \`a reconsid\'erer, voire \`a reconfigurer, jusqu'\`a notre compr\'ehension des dynamiques communicationnelles, avec \`a l'horizon une ouverture sur un champ nouveau qui d\'epasserait le cadre traditionnel de la communication. Apr\`es~l'interm\'edialit\'e m\'ediatique et l'interm\'edialit\'e postm\'ediatique, nous en serions donc \`a l'interm\'edialit\'e excommunicationnelle.},
  copyright = {All rights reserved},
  isbn = {9791032002858},
  langid = {french},
  keywords = {excommunication,in-between,interm\'edialit\'e,magie,m\'ediation},
  file = {/home/mame/snap/zotero-snap/common/Zotero/storage/T7AX9A77/Larrue - 2020 - De l’intermédialité à l’excommunication.pdf}
}

@book{larrue_media_2019,
  title = {Media Do Not Exist : Performativity and Mediating Conjunctures},
  shorttitle = {Media Do Not Exist},
  author = {Larrue, Jean-Marc and {Vitali-Rosati}, Marcello},
  year = {2019},
  publisher = {{Institute of Network Cultures}},
  urldate = {2020-07-28},
  isbn = {978-94-92302-39-7},
  langid = {english},
  annotation = {Accepted: 2020-01-03T19:04:17Z},
  file = {/home/mame/snap/zotero-snap/common/Zotero/storage/CBKVMHNC/Larrue and Vitali-Rosati - 2019 - Media do not exist  performativity and mediating .pdf;/home/mame/snap/zotero-snap/common/Zotero/storage/C4VW7ZV7/22937.html}
}

@book{larrue_media_2019,
  title = {Media Do Not Exist : Performativity and Mediating Conjunctures},
  shorttitle = {Media Do Not Exist},
  author = {Larrue, Jean-Marc and {Vitali-Rosati}, Marcello},
  year = {2019},
  publisher = {{Institute of Network Cultures}},
  urldate = {2022-01-27},
  abstract = {Media Do Not Exist: Performativity and Mediating Conjunctures by Jean-Marc Larrue and Marcello Vitali-Rosati offers a radically new approach to the phenomenon of mediation, proposing a new understanding that challenges the very notion of medium. It begins with a historical overview of recent developments in Western thought on mediation, especially since the mid 80s and the emergence of the disciplines of media archaeology and intermediality. While these developments are inseparable from the advent of digital technology, they have a long history. The authors trace the roots of this thought back to the dawn of philosophy. Humans interact with their environment \textendash{} which includes other humans \textendash{} not through media, but rather through a series of continually evolving mediations, which Larrue and Vitali-Rosati call `mediating conjunctures'. This observation leads them to the paradoxical argument that `media do not exist'. Existing theories of mediation processes remain largely influenced by a traditional understanding of media as relatively stable entities. Media Do Not Exist demonstrates the limits of this conception. The dynamics relating to mediation are the product not of a single medium, but rather of a series of mediating conjunctures. They are created by ceaselessly shifting events and interactions, blending the human and the non-human, energy, and matter.},
  isbn = {978-94-92302-39-7},
  langid = {english}
}

@incollection{lenay_du_1999,
  title = {{Du texte \`a l'hypotexte : les parcours de la m\'emoire documentaire}},
  shorttitle = {{Du texte \`a l'hypotexte}},
  booktitle = {{M\'emoire de la technique et techniques de la m\'emoire}},
  author = {Bachimont, Bruno},
  year = {1999},
  pages = {195},
  publisher = {{ERES}},
  doi = {10.3917/eres.lenay.1999.01.0195},
  urldate = {2020-02-04},
  collaborator = {Lenay, Charles and Havelange, V\'eronique},
  isbn = {978-2-86586-655-7},
  langid = {french}
}

@book{levy_intelligence_1997,
  title = {L'intelligence Collective: Pour Une Anthropologie Du Cyberspace},
  shorttitle = {L'intelligence Collective},
  author = {L{\'e}vy, Pierre},
  year = {1997},
  series = {La {{D\'ecouverte}}/{{Poche}}},
  number = {27},
  publisher = {{La D\'ecouverte}},
  address = {{Paris}},
  isbn = {978-2-7071-2693-1},
  keywords = {Cyberspace,Information society,Information technology,Social aspects}
}

@book{lichtenthal_ii_2018,
  title = {{II. L'invention de la topographie dans Un coup de d\'es jamais n'abolira le hasard}},
  author = {Lichtenthal, Julia},
  year = {2018},
  publisher = {{Hermann}},
  urldate = {2022-04-01},
  isbn = {978-2-7056-9792-1},
  langid = {french}
}

@article{lorusso_liquider_2022,
  title = {{Liquider l'utilisateur}},
  author = {Lorusso, Silvio},
  translator = {Garnier, Sophie},
  year = {2022},
  journal = {T\`eque},
  volume = {1},
  number = {1},
  pages = {10--57},
  publisher = {{Audimat \'Editions}},
  issn = {2805-1548},
  doi = {10.3917/tequ.001.0010},
  urldate = {2023-05-16},
  langid = {french}
}

@incollection{macdonald_night_2015,
  title = {Night in a {{Box}}: {{Anne Carson}}'s {{Nox}} and the {{Materiality}} of {{Elegy}}},
  booktitle = {Material {{Cultures}} in {{Canada}}},
  author = {MacDonald, Tanis},
  year = {2015},
  pages = {51--64},
  publisher = {{Wilfried Laurier UP}},
  collaborator = {Allen, Thomas and Blair, Jennifer}
}

@book{mallarme_coup_2014,
  title = {{Un coup de d\'es jamais n'abolira le hasard: po\`eme}},
  shorttitle = {{Un coup de d\'es jamais n'abolira le hasard}},
  author = {Mallarm{\'e}, St{\'e}phane},
  year = {2014},
  edition = {Faksimile-Edition der Ausgabe 1914},
  publisher = {{Gallimard}},
  address = {{Paris}},
  isbn = {978-2-07-073649-2},
  langid = {french}
}

@article{malloy_cybertext_1998,
  title = {Cybertext, {{Perspectives}} on {{Ergodic Literature}}},
  author = {Malloy, Judy and Aarseth, Espen J.},
  year = {1998},
  journal = {Leonardo Music Journal},
  volume = {8},
  eprint = {1513408},
  eprinttype = {jstor},
  pages = {77},
  issn = {09611215},
  doi = {10.2307/1513408},
  urldate = {2020-02-17}
}

@book{manning_for_2020,
  title = {For a Pragmatics of the Useless},
  author = {Manning, Erin},
  year = {2020},
  series = {Thought in the Act},
  publisher = {{Duke University Press}},
  address = {{Durham}},
  abstract = {"Leading with the proposition that "all black life is neurodiverse life," For a Pragmatics of the Useless explores how value is produced in the context of resolutely white, neurotypical modes of existence, proposing schizoanalysis as a mode of practice that opens the way for other ways of living and learning"--},
  isbn = {978-1-4780-1259-7},
  lccn = {BF175.4.R34},
  keywords = {Psychoanalysis and racism,Psychological aspects,Racism}
}

@book{manovich_language_2001,
  title = {The Language of New Media},
  author = {Manovich, Lev},
  year = {2001},
  series = {Leonardo},
  publisher = {{MIT Press}},
  address = {{Cambridge, Mass.}},
  isbn = {978-0-262-63255-3 978-0-262-13374-6},
  langid = {english}
}

@book{manovich_language_2001,
  title = {The Language of New Media},
  author = {Manovich, Lev},
  year = {2001},
  series = {Leonardo},
  publisher = {{MIT Press}},
  address = {{Cambridge, Mass.}},
  isbn = {978-0-262-63255-3 978-0-262-13374-6},
  langid = {english}
}

@book{mariniello_2007,
  title = {{Appareil et interm\'edialit\'e}},
  author = {Mariniello, Silvestra},
  year = {2007},
  series = {{Esth\'etiques}},
  publisher = {{Harmattan}},
  address = {{Paris}},
  isbn = {978-2-296-04286-5},
  langid = {fre},
  keywords = {Art et technologie,Installations (Art)}
}

@article{martin_lorsque_2021,
  title = {{Lorsque l'objet devient virtuel}},
  author = {Martin, C{\^o}me},
  year = {2021},
  month = jun,
  journal = {Sens public},
  number = {SP1486},
  publisher = {{D\'epartement des litt\'eratures de langue fran\c{c}aise}},
  issn = {2104-3272},
  urldate = {2023-01-19},
  abstract = {Alors que la forme du livre objet n'a cess\'e d'\'evoluer depuis les ann\'ees 1960, le d\'eveloppement croissant de la litt\'erature num\'erique pose la question de la confrontation entre la mat\'erialit\'e du r\'ecit et ses possibilit\'es multim\'edia. Ainsi, les th\'ematiques port\'ees par des livres comment A Humument de Tom Phillips (cr\'eation en \'evolution depuis 1970) ou Composition No. 1 de Marc Saporta (r\'e\'edit\'e par l'\'editeur londonien Visual Editions en 2011) doivent \^etre repens\'ees lorsque ces \oe uvres deviennent disponibles sur tablette. De son c\^ot\'e, l'\'ecrivain Mark Z. Danielewski, auteur de plusieurs romans o\`u l'espace paginal est au centre des pr\'eoccupations (House of Leaves en 2000 et Only Revolutions en 2006) a d\^u retarder la num\'erisation de ses ouvrages, faute de trouver un \'equivalent satisfaisant aux proc\'ed\'es visuels du support mat\'eriel (seul The Fifty Year Sword, originellement publi\'e en 2005, a fait l'objet d'une adaptation num\'erique en 2012). Il s'agira donc dans cet article d'\'etudier la dynamique entre imprim\'e et num\'erique \`a l'aune de ces \oe uvres qui ont su r\'ealiser la transition d'un m\'edium \`a l'autre.},
  copyright = {Creative Commons Attribution-NonCommercial-ShareAlike 4.0 International (CC BY-NC-SA 4.0)},
  langid = {french},
  file = {/home/mame/snap/zotero-snap/common/Zotero/storage/PESUGLRV/Martin - 2021 - Lorsque l’objet devient virtuel.pdf}
}

@article{martinuik_careful_2011,
  title = {A {{Careful Assemblage}}},
  author = {Martinuik, Lorraine},
  year = {2011},
  month = dec,
  journal = {Jacket2},
  volume = {8}
}

@article{masure_vivre_2019,
  title = {{Vivre dans les programmes}},
  author = {Masure, Anthony},
  year = {2019},
  journal = {Multitudes},
  volume = {74},
  number = {1},
  pages = {176--181},
  publisher = {{Association Multitudes}},
  address = {{Paris}},
  issn = {0292-0107},
  doi = {10.3917/mult.074.0176},
  urldate = {2023-08-23},
  abstract = {Encore mal connue, l'ampleur des travaux du chercheur Vil\'em Flusser est pourtant d'une grande importance pour appr\'ehender la situation contemporaine d'un monde num\'erique risquant d'aboutir \`a une soci\'et\'e automatis\'ee. Analysant la notion de programme depuis des r\'eflexions sur les mutations de la photographie et de l'\'ecriture, Flusser montre, au contraire, comment les artistes pourraient \oe uvrer au d\'eveloppement d'un \guillemotleft ~techno-imaginaire~\guillemotright{} capable de donner du sens \`a nos \guillemotleft ~vies artificielles~\guillemotright.},
  langid = {french},
  file = {/home/mame/snap/zotero-snap/common/Zotero/storage/HRB8WQVF/Masure - 2019 - Vivre dans les programmes.pdf}
}

@book{mcluhan_understanding_1964,
  title = {Understanding {{Media}}: {{The Extensions}} of {{Man}}},
  author = {McLuhan, Marshall},
  year = {1964},
  publisher = {{McGraw-Hill}},
  address = {{New-York}}
}

@book{mcluhan_understanding_1994,
  title = {Understanding Media: The Extensions of Man},
  shorttitle = {Understanding Media},
  author = {McLuhan, Marshall},
  year = {1994},
  edition = {1st MIT Press ed},
  publisher = {{MIT Press}},
  address = {{Cambridge, Mass}},
  isbn = {978-0-262-63159-4},
  keywords = {Communication,Communication and technology,Mass media}
}

@book{mcpherson_feminist_2018,
  title = {Feminist in a Software Lab: Difference + Design},
  shorttitle = {Feminist in a Software Lab},
  author = {McPherson, Tara},
  year = {2018},
  series = {{{MetaLABprojects}}},
  publisher = {{Harvard University Press}},
  address = {{Cambridge, Massachusetts ; London, England}},
  abstract = {Tara McPherson asks what might it mean to design\textendash from conception\textendash digital tools and applications that emerge from contextual concerns of cultural theory and from a feminist concern for difference. This question leads to the Vectors lab, which for a dozen years has experimented with digital scholarship at the intersection of theory and praxis.\textendash},
  isbn = {978-0-674-72894-3},
  keywords = {Computer software,Computers and women,Development,Digital humanities,Scholarly electronic publishing,Social aspects,Software engineering}
}

@book{mechoulan_dou_2010,
  title = {D'o\`u Nous Viennent Nos Id\'ees ? {{M\'etaphysique}} et Interm\'edialit\'e},
  author = {M{\'e}choulan, {\'E}ric},
  year = {2010},
  edition = {VBL \'Editeur},
  address = {{Montr\'eal}}
}

@article{mechoulan_intermedialite_2017,
  title = {{Interm\'edialit\'e, ou comment penser les transmissions}},
  author = {M{\'e}choulan, Eric},
  year = {2017},
  month = mar,
  journal = {Fabula Colloques},
  urldate = {2020-02-17},
  abstract = {\guillemotleft{} Ce qui est entre la pomme et l'assiette se peint aussi. \guillemotright Georges BraqueLa notion d'interm\'edialit\'e s'est impos\'ee depuis une quinzaine d'ann\'ees comme un terme de r\'ef\'erence en sciences humaines et sociales, d'autant plus souvent employ\'e qu'il appara\^it assez familier pour que chacun ait l'impression de savoir de quoi il est question et suffisamment \'enigmatique pour qu'il soit charg\'e d'une certaine s\'eduction. On en voit assez facilement l'effet de s\'erie avec l'intertextualit\'e et l'interdiscursivit\'e, d'un c\^ot\'e, ou avec le multim\'edia voire la m\'ediologie, de l'autre. Bien s\^ur, ces s\'eries indiquent approximativement sa situation dans le champ des th\'eories. Mais elles risquent aussi d'en r\'eduire la port\'ee ou d'en masquer l'originalit\'e.Dans ce que certains ont appel\'e \guillemotleft{} l'\'ecole de Montr\'eal \guillemotright{} \textendash{} \`a partir des chercheurs regroup\'es depuis 1997 dans le Centre de recherche sur l'interm\'edialit\'e (CRI), devenu en 2010 le Centre de recherches interm\'ediales sur les arts, les lettres et les techniques (CRIalt) \textendash, nous avons t\^ach\'e de d\'evelopper \`a la fois une r\'eflexion th\'eorique et des s\'eries de cas d'\'etude au sein d'une revue imprim\'ee et num\'erique (Interm\'edialit\'es), dans des colloques organis\'es chaque ann\'ee, ainsi que dans de multiples interventions individuelles. Nous ne sommes pas n\'ecessairement tous d'accord sur ce qu'est au juste \guillemotleft{} l'interm\'edialit\'e \guillemotright, mais nous partageons un bon nombre de vues communes tout en croyant \`a l'int\'er\^et de maintenir des visions singuli\`eres et des modalit\'es d'analyse sp},
  copyright = {Cc-ByNcNd \textcopyright{} Fabula.org, licence Creative Commons Paternit\'e-Pas d'Utilisation Commerciale-Pas de Modification},
  langid = {french}
}

@article{mechoulan_intermedialite_2017,
  title = {{Interm\'edialit\'e, ou comment penser les transmissions}},
  author = {M{\'e}choulan, Eric},
  year = {2017},
  month = mar,
  journal = {Fabula Colloques},
  abstract = {\guillemotleft{} Ce qui est entre la pomme et l'assiette se peint aussi. \guillemotright Georges BraqueLa notion d'interm\'edialit\'e s'est impos\'ee depuis une quinzaine d'ann\'ees comme un terme de r\'ef\'erence en sciences humaines et sociales, d'autant plus souvent employ\'e qu'il appara\^it assez familier pour que chacun ait l'impression de savoir de quoi il est question et suffisamment \'enigmatique pour qu'il soit charg\'e d'une certaine s\'eduction. On en voit assez facilement l'effet de s\'erie avec l'intertextualit\'e et l'interdiscursivit\'e, d'un c\^ot\'e, ou avec le multim\'edia voire la m\'ediologie, de l'autre. Bien s\^ur, ces s\'eries indiquent approximativement sa situation dans le champ des th\'eories. Mais elles risquent aussi d'en r\'eduire la port\'ee ou d'en masquer l'originalit\'e.Dans ce que certains ont appel\'e \guillemotleft{} l'\'ecole de Montr\'eal \guillemotright{} \textendash{} \`a partir des chercheurs regroup\'es depuis 1997 dans le Centre de recherche sur l'interm\'edialit\'e (CRI), devenu en 2010 le Centre de recherches interm\'ediales sur les arts, les lettres et les techniques (CRIalt) \textendash, nous avons t\^ach\'e de d\'evelopper \`a la fois une r\'eflexion th\'eorique et des s\'eries de cas d'\'etude au sein d'une revue imprim\'ee et num\'erique (Interm\'edialit\'es), dans des colloques organis\'es chaque ann\'ee, ainsi que dans de multiples interventions individuelles. Nous ne sommes pas n\'ecessairement tous d'accord sur ce qu'est au juste \guillemotleft{} l'interm\'edialit\'e \guillemotright, mais nous partageons un bon nombre de vues communes tout en croyant \`a l'int\'er\^et de maintenir des visions singuli\`eres et des modalit\'es d'analyse sp},
  langid = {french}
}

@misc{mellet_manifeste_2021,
  title = {{Manifeste des petites mains}},
  author = {Mellet, Margot},
  year = {2021},
  month = sep,
  urldate = {2022-04-01},
  abstract = {Au cours d'une discussion avec des acteurs de l'\'edition en SHS, j'ai surpris et \'et\'e surprise par une formule que je n'ai pas s\^u imm\'ediatement d\'ecrypter, qui m'est apparue \`a la premi\`ere \'ecoute aussi juste que son contraire : [mots] Elle1 est les petites mains sous la table [mots] Je ne pourrai exactement retrouver le contexte pr\'ecis dans lequel s'inscrit cette bribe, je sais qu'il \'etait sans ironie, juste pour d\'esigner, presque innocemment.},
  langid = {french}
}

@article{mellet_penser_2020,
  title = {Penser Le Palimpseste Num\'erique. {{Le}} Projet d'\'edition Num\'erique Collaborative de l'{{Anthologie}} Palatine},
  author = {Mellet, Margot},
  year = {2020},
  journal = {Captures},
  series = {Hors-Dossier},
  volume = {5},
  number = {1}
}

@article{merzeau_du_2009,
  title = {{Du signe \`a la trace : l'information sur mesure}},
  shorttitle = {{Du signe \`a la trace}},
  author = {Merzeau, Louise},
  year = {2009},
  journal = {Hermes, La Revue},
  volume = {n\textdegree{} 53},
  number = {1},
  pages = {21--29},
  issn = {0767-9513},
  urldate = {2020-02-17},
  abstract = {L\&\#8217;environnement num\&\#233;rique oblige \&\#224; revoir les mod\&\#232;les sur lesquels se fondent les sciences de l\&\#8217;information et de la communication. La pens\&\#233;e du signe, du message et du document doit en effet \&\#233;voluer vers une pens\&\#233;e de la tra\&\#231;abilit\&\#233;. Indicielle et d\&\#233;tachable, automatique et mall\&\#233;able, la trace est un objet paradoxal, qui atteste le caract\&\#232;re indissociablement technique et politique de la pr\&\#233;sence num\&\#233;rique.Dans le r\&\#232;gne de l\&\#8217;information sur mesure, la personnalisation nous rend plus actifs, tout en nous exposant au profilage. Elle va jusqu\&\#8217;\&\#224; red\&\#233;finir l\&\#8217;identit\&\#233; comme une collection de traces que nous devons apprendre \&\#224; prot\&\#233;ger, mais aussi \&\#224; administrer.Cette nouvelle \&\#233;conomie des empreintes enchev\&\#234;tre les hi\&\#233;rarchies entre stock et flux comme entre contenu et relation. Recyclant nous-m\&\#234;mes les traces que d\&\#8217;autres ont d\&\#233;pos\&\#233;es, c\&\#8217;est d\&\#233;sormais dans l\&\#8217;ombre num\&\#233;rique de la cit\&\#233; que nous sommes appel\&\#233;s \&\#224; naviguer. Au-del\&\#224; de la d\&\#233;fense de la vie priv\&\#233;e, il en va donc aussi de la m\&\#233;moire et de l\&\#8217;oubli qui nous relient.},
  langid = {french}
}

@article{merzeau_editorialisation_2013,
  title = {\'Editorialisation Collaborative d'un \'Ev\'enement: {{L}}'exemple Des {{Entretiens}} Du Nouveau Monde Industriel 2012},
  shorttitle = {\'Editorialisation Collaborative d'un \'Ev\'enement},
  author = {Merzeau, Louise},
  year = {2013},
  month = jun,
  journal = {Communication et organisation},
  number = {43},
  pages = {105--122},
  issn = {1168-5549, 1775-3546},
  doi = {10.4000/communicationorganisation.4158},
  urldate = {2020-02-04}
}

@misc{merzeau_entre_nodate,
  title = {{Entre \'ev\`enement et document : vers l'environnement-support}},
  shorttitle = {{Entre \'ev\`enement et document}},
  author = {Merzeau, Louise},
  year = {2014},
  urldate = {2022-03-10},
  abstract = {Cette contribution interroge certains aspects du r\'egime participatif \`a travers un mod\`ele de manifestation m\^elant des dimensions \'ev\'enementielle et documentaire, dans le temps court et le temps long. Pour la plupart, les r\'eflexions qui suivent sont issues d'une \'etude men\'ee au d\'ebut de l'ann\'ee 2013 autour de la derni\`ere \'edition des Entretiens du nouveau monde industriel. Organis\'e par l'Institut de Recherche et d'Innovation (IRI), le p\^ole de comp\'etitivit\'e Cap digital et l'\'Ecole nationale sup\'erieure de cr\'eation industrielle (ENSCI), ce colloque a donn\'e lieu \`a un travail d'\'editorialisation collective particuli\`erement int\'eressant, dont nous pensons qu'il permet d'\'elaborer un certain nombre d'hypoth\`eses sur l'\'evolution des pratiques participatives1. Notre propos n'est donc pas de questionner ici l'id\'eologie de la participation ou ses enjeux sociologiques, mais plut\^ot la mani\`ere dont certains dispositifs \'eclairent d'un jour nouveau l'environnement num\'erique lui-m\^eme, en particulier dans ce qu'il est d\'esormais convenu d'appeler le Web social. Men\'ee dans l'esprit des recherches sur l'organologie des connaissances (Stiegler, Puig), cette enqu\^ete rel\`eve des travaux men\'es dans l'axe \guillemotleft{} Tra\c{c}abilit\'e, m\'emoires et identit\'es num\'eriques \guillemotright{} du laboratoire Dicen-IDF, o\`u nous interrogeons les interf\'erences entre les logiques de stock et de flux \`a partir des concepts de trace et de m\'ediation identitaire. La premi\`ere caract\'eristique du dispositif examin\'e consiste dans l'utilisation non d'un outil cr\'e\'e},
  langid = {french}
}

@article{meunier_humanites_2014,
  title = {{Humanit\'es num\'eriques ou computationnelles : enjeux herm\'eneutiques}},
  shorttitle = {{Humanit\'es num\'eriques ou computationnelles}},
  author = {Meunier, Jean-Guy},
  year = {2014},
  journal = {Sens public},
  publisher = {{D\'epartement des litt\'eratures de langue fran\c{c}aise}},
  issn = {2104-3272},
  doi = {10.7202/1043651ar},
  urldate = {2023-05-18},
  abstract = {S'inscrivant dans l'univers des technologies informatiques, les humanit\'es dites num\'eriques se pr\'esentent comme un nouveau programme de recherche. Le vrai d\'efi de ce programme de recherche ne sera cependant pas dans le traitement num\'erique qu'il veut appliquer aux objets et op\'erations des humanit\'es mais dans la mod\'elisation computationnelle qu'il doit leur appliquer. Malheureusement l'utilisation du concept de num\'erique masque la grand complexit\'e de cette t\^ache de mod\'elisation qui, elle, devra marier des fonctions computationnelles avec des fonctions interpr\'etatives.},
  langid = {french},
  file = {/home/mame/snap/zotero-snap/common/Zotero/storage/BVJV2Z3B/Meunier - 2014 - Humanités numériques ou computationnelles  enjeux.pdf;/home/mame/snap/zotero-snap/common/Zotero/storage/TDK9SU53/1043651ar.html}
}

@book{miller_cultural_2013,
  title = {Cultural {{Histories}} of the {{Material World}}},
  editor = {Miller, Peter},
  year = {2013},
  publisher = {{University of Michigan Press}},
  address = {{Ann Arbor, MI}},
  doi = {10.3998/mpub.5927536},
  urldate = {2022-04-01},
  isbn = {978-0-472-11891-5 978-0-472-02935-8},
  langid = {english}
}

@article{mitcham_philosophy_1979,
  title = {Philosophy and the History of Technology},
  author = {Mitcham, Carl},
  year = {1979},
  month = jan,
  journal = {The History and Philosophy of Technology},
  pages = {163--201},
  file = {/home/mame/snap/zotero-snap/common/Zotero/storage/EPR88TN4/Mitcham - 1979 - Philosophy and the history of technology.pdf}
}

@article{mitcham_types_1978,
  title = {Types of {{Technology}}},
  author = {Mitcham, Carl},
  year = {1978},
  journal = {Research in Philosophy \& Technology},
  volume = {1},
  pages = {229--294}
}

@inproceedings{monjour_dibutade_2015,
  title = {{Dibutade 2.0 : la "femme-auteur" \`a l'\`ere du num\'erique}},
  shorttitle = {{Dibutade 2.0}},
  booktitle = {{Sens public}},
  author = {Monjour, Servanne},
  year = {2015},
  month = sep,
  publisher = {{Association Sens public}},
  urldate = {2022-02-14},
  abstract = {Prenant le parti d'\'etudier la culture num\'erique \'emergente selon des rapports de continuit\'e plut\^ot que de rupture, cet article envisage la question de l'auctorialit\'e f\'eminine sur le web au regard du mythe antique de Dibutade. Il semble en effet que Dibutade, en sa qualit\'e de figure fondatrice de nombreuses pratiques artistiques, nous permet de porter un \'eclairage tout \`a fait int\'eressant sur la fa\c{c}on dont certaines bloggeuses affirment leur statut de femme auteur, jouant r\^ole majeur et moteur dans l'\'emergence et la reconnaissance d'une litt\'erature num\'erique (con\c{c}ue en ligne, publi\'ee en ligne). Les analyses conduites dans cet article entendent souligner le potentiel esth\'etique de certaines pratiques d'\'ecriture en ligne souvent ignor\'ees par les \'etudes litt\'eraires : les profils Facebook, les blogues \'erotiques voire pornographiques.},
  langid = {fra}
}

@article{monjour_litterature_2020,
  title = {La Litt\'erature Num\'erique n'existe Pas. {{La}} Litt\'erarit\'e Au Prisme de l'imaginaire M\'ediatique Contemporain:},
  shorttitle = {La Litt\'erature Num\'erique n'existe Pas. {{La}} Litt\'erarit\'e Au Prisme de l'imaginaire M\'ediatique Contemporain},
  author = {Monjour, Servanne},
  year = {2020},
  month = aug,
  journal = {Communication \& langages},
  volume = {N\textdegree{} 205},
  number = {3},
  pages = {5--27},
  issn = {0336-1500},
  doi = {10.3917/comla1.205.0005},
  urldate = {2022-02-14}
}

@incollection{monjour_modeanamorphique_2018,
  title = {{Le mod\`ele anamorphique}},
  booktitle = {{Mythologies postphotographiques}},
  author = {Monjour, Servanne},
  year = {2018},
  month = aug,
  publisher = {{Les Ateliers de [sens public]}},
  urldate = {2022-03-10},
  abstract = {D\'esormais, nous sommes tous photographes. Les appareils int\'egr\'es \`a nos t\'el\'ephones nous permettent de capter, de visualiser, de modifier et de partager nos photos sur les r\'eseaux sociaux en moins d'une minute. Omnipr\'esente sur nos \'ecrans, la photographie est devenue une nouvelle forme de langage. Alors que les clich\'es s'accumulent par centaines sur nos disques durs, o\`u l'on finit pas les oublier, certaines voix s'\'el\`event pour se demander si, dans sa transition de l'argentique vers le num\'erique, la photographie n'aurait pas perdu ce qui la rendait justement photographique. Pour comprendre ces mutations fascinantes \textemdash{} et un peu inqui\'etantes \textemdash{} de la culture visuelle, l'auteure analyse les pratiques photographiques contemporaines, \`a la fois amateur et artistiques, ainsi que les discours, surtout litt\'eraires, consacr\'es \`a l'image. Elle d\'ecortique ainsi les nouvelles mythologies de l'image pour mieux les recadrer dans une histoire g\'en\'erale de la photographie, avec autant de brio et d'\'erudition.},
  isbn = {978-2-7606-3925-6},
  langid = {french}
}

@incollection{monjour_modeanamorphique_2018-1,
  title = {{Le mod\`ele anamorphique}},
  booktitle = {{Mythologies postphotographiques}},
  author = {Monjour, Servanne},
  year = {2018},
  month = aug,
  publisher = {{Les Ateliers de [sens public]}},
  urldate = {2023-08-11},
  abstract = {D\'esormais, nous sommes tous photographes. Les appareils int\'egr\'es \`a nos t\'el\'ephones nous permettent de capter, de visualiser, de modifier et de partager nos photos sur les r\'eseaux sociaux en moins d'une minute. Omnipr\'esente sur nos \'ecrans, la photographie est devenue une nouvelle forme de langage. Alors que les clich\'es s'accumulent par centaines sur nos disques durs, o\`u l'on finit pas les oublier, certaines voix s'\'el\`event pour se demander si, dans sa transition de l'argentique vers le num\'erique, la photographie n'aurait pas perdu ce qui la rendait justement photographique. Pour comprendre ces mutations fascinantes \textemdash{} et un peu inqui\'etantes \textemdash{} de la culture visuelle, l'auteure analyse les pratiques photographiques contemporaines, \`a la fois amateur et artistiques, ainsi que les discours, surtout litt\'eraires, consacr\'es \`a l'image. Elle d\'ecortique ainsi les nouvelles mythologies de l'image pour mieux les recadrer dans une histoire g\'en\'erale de la photographie, avec autant de brio et d'\'erudition.},
  copyright = {Creative Commons Attribution-ShareAlike 4.0 International (CC BY-SA 4.0)},
  isbn = {978-2-7606-3925-6},
  langid = {french}
}

@incollection{monjour_remediation_2018,
  title = {{De la rem\'ediation \`a la r\'etrom\'ediation}},
  booktitle = {{Mythologies postphotographiques. L'invention litt\'eraire de l'image num\'erique}},
  author = {Monjour, Servanne},
  year = {2018},
  series = {{Parcours Num\'eriques}},
  number = {10},
  pages = {55--62},
  publisher = {{Les Presses de l'Universit\'e de Montr\'eal}},
  address = {{Montr\'eal}},
  urldate = {2018-10-02},
  abstract = {En cette p\'eriode de transition technologique majeure, tout laisserait donc penser que nous sommes id\'ealement plac\'es pour observer la rem\'ediation \textemdash{} (...)},
  isbn = {978-2-7606-3925-6},
  langid = {french}
}

@incollection{monjour_remediation_2018,
  title = {{De la rem\'ediation \`a la r\'etrom\'ediation}},
  booktitle = {{Mythologies postphotographiques. L'invention litt\'eraire de l'image num\'erique}},
  author = {Monjour, Servanne},
  year = {2018},
  series = {{Parcours Num\'eriques}},
  number = {10},
  pages = {55--62},
  publisher = {{Les Presses de l'Universit\'e de Montr\'eal}},
  address = {{Montr\'eal}},
  abstract = {En cette p\'eriode de transition technologique majeure, tout laisserait donc penser que nous sommes id\'ealement plac\'es pour observer la rem\'ediation \textemdash{} (...)},
  isbn = {978-2-7606-3925-6},
  langid = {french}
}

@book{motion_cinder_2010,
  title = {The Cinder Path},
  author = {Motion, Andrew},
  year = {2010},
  publisher = {{Faber}},
  address = {{London}},
  abstract = {"Andrew Motion's new collection ... offers a . variety of lyrics, love poems and elegies, in which private domains of feeling infer other lives and a shared humanity - exploring how people cope with threats to and in the world around them, as soldiers, lovers, artists, writers and citizens."\textendash Jacket.},
  isbn = {978-0-571-24493-5},
  langid = {english}
}

@article{motion_nox_2010,
  title = {Nox by {{Anne Carson}}},
  author = {Motion, Andrew},
  year = {2010},
  month = jul,
  journal = {The Guardian},
  issn = {0261-3077},
  urldate = {2022-03-21},
  abstract = {Anne Carson's beguiling expression of grief deserves a much wider audience, says Andrew Motion},
  chapter = {Books},
  langid = {british},
  keywords = {Anne Carson,Books,Culture,Poetry}
}

@book{mouawad_incendies_2015,
  title = {{Incendies}},
  author = {Mouawad, Wajdi},
  year = {2015},
  publisher = {{Lem\'eac}},
  address = {{Montreal}},
  langid = {fre}
}

@book{mouralis_les_2011,
  title = {Les Contre-Litt\'eratures},
  author = {Mouralis, Bernard and Mangeon, Anthony},
  year = {2011},
  series = {"{{Fictions}} Pensantes"},
  publisher = {{Hermann}},
  address = {{Paris}}
}

@book{mucelli_fabbrica_2023,
  title = {{La fabbrica diffusa: produzione e architettura a Cesena}},
  shorttitle = {{La fabbrica diffusa}},
  author = {Mucelli, Elena and Gulinello, Francesco},
  year = {2023},
  publisher = {{Quodlibet}},
  address = {{Macerata}},
  isbn = {978-88-229-2089-8},
  langid = {italian},
  annotation = {OCLC: 1390153002}
}

@article{mumford_technics_1937,
  title = {{{TECHNICS AND CIVILIZATION}}:},
  shorttitle = {{{TECHNICS AND CIVILIZATION}}},
  author = {Mumford, Lewis},
  year = {1937},
  month = jul,
  journal = {The Journal of Nervous and Mental Disease},
  volume = {86},
  number = {1},
  pages = {111--112},
  issn = {0022-3018},
  doi = {10.1097/00005053-193707000-00053},
  urldate = {2023-10-20},
  langid = {english}
}

@book{nail_being_2019,
  title = {Being and Motion},
  author = {Nail, Thomas},
  year = {2019},
  publisher = {{Oxford University Press}},
  address = {{New York, NY, United States of America}},
  isbn = {978-0-19-090892-8 978-0-19-090893-5},
  keywords = {Emigration and immigration,Human beings,Internal,Migration,Migrations History,Philosophy,Political aspects,Political science}
}

@book{nietzsche_voyageur_2022,
  title = {{Le voyageur et son ombre}},
  author = {Nietzsche, Friedrich},
  year = {2022},
  publisher = {{Culturea}},
  urldate = {2023-10-20},
  abstract = {On est en 1879. Pendant tout le printemps et l'\'et\'e, Nietzsche retrouve sa montagne, \`a Saint-Moritz. L'ann\'ee pr\'ec\'edente, il a boucl\'e l'ouvrage de sa maturit\'e, Humain, trop humain. Un livre d\'edi\'e aux \^ames libres. C'est la m\^eme mati\`ere, les notes accumul\'ees, qui vont devenir ce monument de pens\'ee concr\`ete, l'art mordant du fragment. Si},
  langid = {french}
}

@book{oresme_livre_1968,
  title = {Le {{Livre}} Du Ciel et Du Monde},
  author = {Oresme, Nicole},
  editor = {Menut, A. D. and Denomy, A. J.},
  year = {1968},
  publisher = {{The University of Wisconsin Press}},
  address = {{Madison, Wisconsin}},
  urldate = {2023-10-20},
  abstract = {Madison, Wisconsin: The University of Wisconsin Press, 1968. Hardcover. Black cloth, gilt letters on spine, olive dust jacket, 778 pp., no illus.; weighs 4 lbs. VG Slight wear to dj edges; dj is scuffed a bit and is corner clipped, and front of dj has a white removed label mark; book is otherwise clean. . Item \#147210 Text is in French and English. The work of many scholars has placed beyond dispute the outstanding},
  langid = {american},
  file = {/home/mame/snap/zotero-snap/common/Zotero/storage/2XA2AQAT/le-livre-du-ciel-et-du-monde.html}
}

@unpublished{palleau-papin_nox_2014,
  title = {Nox: {{Anne Carson}}'s {{Scrapbook Elegy}}},
  shorttitle = {Nox},
  author = {{Palleau-Papin}, Fran{\c c}oise},
  year = {2014},
  month = may,
  urldate = {2022-03-28},
  keywords = {Anne Carson,aorist,aoriste,art,communaut\'e,community,digital,\'el\'egie,elegy,facsimile,figuration,fragment,journal de deuil,Latin,mourning diary,Nox,reception,reproduction}
}

@book{parikka_what_2012,
  title = {What Is Media Archaeology?},
  author = {Parikka, Jussi},
  year = {2012},
  publisher = {{Polity Press}},
  address = {{Cambridge, UK ; Malden, MA}},
  abstract = {This cutting-edge text offers an introduction to the emerging field of media archaeology and analyses the innovative theoretical and artistic methodology used to excavate current media through its past. Written with a steampunk attitude, What is Media Archaeology? examines the theoretical challenges of studying digital culture and memory and opens up the sedimented layers of contemporary media culture. The author contextualizes media archaeology in relation to other key media studies debates including software studies, German media theory, imaginary media research, new materialism and digital humanities. What is Media Archaeology? advances an innovative theoretical position while also presenting an engaging and accessible overview for students of media, film and cultural studies. It will be essential reading for anyone interested in the interdisciplinary ties between art, technology and media},
  isbn = {978-0-7456-5025-8 978-0-7456-5026-5},
  lccn = {P90 .P336 2012},
  keywords = {Geschichtsschreibung,Information technology,Informationstechnik,Informationsteknik,Mass media,Massenmedien,Massmedia,Media Studies},
  annotation = {OCLC: ocn769419861}
}

@article{paveau_ce_2015,
  title = {Ce Qui s'\'ecrit Dans Les Univers Num\'eriques: {{Mati\`eres}} Technolangagi\`eres et Formes Technodiscursives},
  shorttitle = {Ce Qui s'\'ecrit Dans Les Univers Num\'eriques},
  author = {Paveau, Marie-Anne},
  year = {2015},
  month = jan,
  journal = {Itin\'eraires},
  number = {2014-1},
  issn = {2100-1340, 2427-920X},
  doi = {10.4000/itineraires.2313},
  urldate = {2020-02-17}
}

@article{paveau_presentation._2015,
  title = {{Pr\'esentation. Les textes num\'eriques sont-ils des textes ?}},
  author = {Paveau, Marie-Anne},
  year = {2015},
  month = feb,
  journal = {Itin\'eraires. Litt\'erature, textes, cultures},
  number = {2014-1},
  issn = {2100-1340},
  urldate = {2020-02-17},
  abstract = {R\'evolution num\'erique, r\'evolution textuelle Les r\'evolutions ne durent jamais longtemps mais celle que le num\'erique nous fait vivre actuellement semble s'installer dans le temps long du xxie si\`ecle. En tout cas, elle n'en finit plus de durer dans les controverses qu'elle occasionne, tout particuli\`erement en ce qui concerne l'\'ecriture, le livre et les activit\'es cognitives en g\'en\'eral : d\'eploration de la perte de l'attention vs modification de nos modes de concentration, d\'egradation de la qualit\'e ...},
  copyright = {Itin\'eraires est mis \`a disposition selon les termes de la licence Creative Commons Attribution - Pas d'Utilisation Commerciale - Pas de Modification 4.0 International.},
  langid = {french}
}

@book{perec_infra-ordinaire_1989,
  title = {L'infra-Ordinaire},
  author = {Perec, Georges},
  year = {1989},
  series = {La {{Librairie}} Du {{XXe}} Si\`ecle},
  publisher = {{Seuil}},
  address = {{Paris}},
  isbn = {978-2-02-010899-7}
}

@article{petit_lecriture_2017-1,
  title = {{L'\'ecriture num\'erique ou l'\'ecriture selon les machines. Enjeux philosophiques et p\'edagogiques}},
  author = {Petit, Victor and Bouchardon, Serge},
  year = {2017},
  journal = {Communication \& langages},
  volume = {191},
  number = {1},
  pages = {129--148},
  publisher = {{NecPlus}},
  address = {{Paris}},
  issn = {0336-1500},
  doi = {10.3917/comla.191.0129},
  urldate = {2023-07-25},
  abstract = {Cet article propose une argumentation en faveur du concept d'\guillemotleft ~\'ecriture num\'erique~\guillemotright{} et de son enseignement. Il vise \`a montrer que l'\'ecriture num\'erique existe, qu'elle a des propri\'et\'es et des tensions sp\'ecifiques, mais aussi qu'elle peut s'enseigner. Reprenant un certain nombre de questions h\'erit\'ees des \'etudes men\'ees sur les rapports entre l'\'ecriture et l'informatique, les auteurs s'int\'eressent \`a la dimension p\'edagogique de l'\'ecriture dite \guillemotleft ~num\'erique~\guillemotright{} \`a partir de l'exemple du programme de recherche Pratiques d'\'ecriture interactive en Picardie (Precip), men\'e dans le cadre de la R\'egion Picardie.},
  langid = {french},
  keywords = {\'ecriture num\'erique,enseignement,litt\'eratie num\'erique,litt\'erature num\'erique,milieu,num\'erique,support,trace},
  file = {/home/mame/snap/zotero-snap/common/Zotero/storage/PICLTD4I/Petit and Bouchardon - 2017 - L’écriture numérique ou l’écriture selon les machi.pdf}
}

@misc{pohjoisen_kulttuuri-instituutti__institute_for_northern_culture_ingold_2013,
  title = {Ingold -- {{Thinking}} through {{Making}}},
  author = {{Pohjoisen kulttuuri-instituutti \textendash{} Institute for Northern Culture}},
  year = {2013},
  month = oct,
  urldate = {2023-10-24},
  abstract = {Thinking through Making. Professor Tim Ingold, University of Aberdeen, Scotland Ever since Aristotle, it has been customary in the western tradition to think of making  as a bringing together of a preconceived, ideal form, in the mind of the maker, with an  initially formless mass of raw material. In this view, all the thinking has been done  before the making begins. And for those who encounter the finished object, the thought  can only be recovered by reading back from the work to an idea in the mind of the maker.  Here I present an alternative account of making, as an inherently mindful activity in  which the forms of things are ever-emergent from the correspondence of sensory awareness  and material flows in a process of life. Artefacts and thoughts are the more or less  ephemeral cast-offs of this process, strewn along the way. Rather than imposing form on  matter, the maker -- operating within a field of forces that cut across any divisions  between body and environment -- is caught between the anticipatory reach of the  imagination and the frictional drag of materials.}
}

@book{ponge_entretiens_1967,
  title = {{Entretiens de Francis Ponge avec Philippe Sollers}},
  author = {Ponge, Francis and Sollers, Philippe},
  year = {1967},
  series = {{Points}},
  edition = {2e \'ed},
  publisher = {{Gallimard \'Ed. du Seuil}},
  address = {{Paris}},
  isbn = {978-2-02-049636-0},
  langid = {fre},
  lccn = {841.91 (critique)}
}

@book{ponge_fabrique_1990,
  title = {{La fabrique du pr\'e}},
  author = {Ponge, Francis},
  year = {1990},
  series = {{Les Sentiers de la cr\'eation}},
  edition = {2. Aufl.},
  number = {11},
  publisher = {{Skira}},
  address = {{Gen\`eve}},
  isbn = {978-2-605-00158-3},
  langid = {fre}
}

@book{ponge_methodes_1989,
  title = {{M\'ethodes}},
  author = {Ponge, Francis},
  year = {1989},
  series = {{Collection folio Essais}},
  number = {107},
  publisher = {{Gallimard}},
  address = {{Paris}},
  isbn = {978-2-07-032492-7},
  langid = {fre}
}

@book{ponge_oeuvres_1999,
  title = {\OE uvres Compl\`etes},
  author = {Ponge, Francis and Beugnot, Bernard},
  year = {1999},
  series = {Biblioth\`eque de La {{Pl\'eiade}}},
  number = {453-487},
  publisher = {{Gallimard}},
  address = {{Paris}},
  isbn = {978-2-07-011271-5 978-2-07-011493-1},
  lccn = {PQ2631.O643 A113 1999}
}

@book{ponge_pages_2005,
  title = {Pages d'atelier, 1917-1982},
  author = {Ponge, Francis and Beugnot, Bernard},
  year = {2005},
  series = {Les Cahiers de La {{NRF}}},
  publisher = {{Gallimard}},
  address = {{Paris}},
  isbn = {978-2-07-076645-1},
  lccn = {PQ2631.O643 A6 2005},
  annotation = {OCLC: ocm59010605}
}

@book{portanova_moving_2013,
  title = {Moving without a Body: Digital Philosophy and Choreographic Thought},
  shorttitle = {Moving without a Body},
  author = {Portanova, Stamatia},
  year = {2013},
  series = {Technologies of Lived Abstraction},
  publisher = {{The MIT Press}},
  address = {{Cambridge, Massachusetts}},
  isbn = {978-0-262-01892-0},
  lccn = {B105.M65 P67 2013},
  keywords = {Choreography,Computer art,Human body (Philosophy),Movement (Philosophy),Philosophy}
}

@article{puff_contrainte_2004,
  title = {{La contrainte et la r\`egle}},
  author = {Puff, Jean-Fran{\c c}ois},
  year = {2004},
  journal = {Po\'etique},
  volume = {140},
  number = {4},
  pages = {455--465},
  publisher = {{Le Seuil}},
  address = {{Paris}},
  issn = {1245-1274},
  doi = {10.3917/poeti.140.0455},
  urldate = {2022-11-21},
  langid = {french},
  file = {/home/mame/snap/zotero-snap/common/Zotero/storage/FUM2R9LN/revue-poetique-2004-4-page-455.html}
}

@book{raunig_factories_2013,
  title = {Factories of Knowledge, Industries of Creativity},
  author = {Raunig, Gerald and Derieg, Aileen and Negri, Antonio},
  year = {2013},
  series = {Semiotext(e) Intervention Series},
  number = {15},
  publisher = {{Semiotext(e) ; distributed by the MIT Press}},
  address = {{Los Angeles, CA. : Cambridge, MA}},
  isbn = {978-1-58435-116-0},
  lccn = {HM831 .R38 2013},
  keywords = {Civil disobedience,Social change,Universities and colleges},
  annotation = {OCLC: ocn813540980}
}

@misc{redacteur_lecrit_2005,
  type = {{Billet}},
  title = {{De l'\'ecrit sur l'\'ecran, par Roger Chartier (Les \'ecritures d'\'ecran, 18-19 mai 2005)}},
  author = {R{\'e}dacteur},
  year = {2005},
  month = may,
  journal = {P\^ole Image-Son},
  urldate = {2023-05-15},
  abstract = {De l'\'ecrit sur l'\'ecran. \'Ecriture \'electronique et ordre du discours. Communication pr\'esent\'ee par Roger Chartier lors du colloque Les \'ecritures d'\'ecran : histoire, pratiques et espaces sur le Web, 18 et 19 mai 2005,...},
  langid = {french},
  file = {/home/mame/snap/zotero-snap/common/Zotero/storage/7PDHBRVT/658.html}
}

@book{ricoeur_temps_1983,
  title = {{Temps et r\'ecit. 1}},
  author = {Ric{\oe}ur, Paul},
  year = {1983},
  publisher = {{\'Ed. du Seuil}},
  address = {{Paris}},
  isbn = {978-2-02-006365-4},
  langid = {fre}
}

@book{robin_golem_1997,
  title = {Le {{Golem}} de l'ecriture: De l'autofiction Au Cybersoi},
  shorttitle = {Le {{Golem}} de l'ecriture},
  author = {Robin, R{\'e}gine},
  year = {1997},
  series = {Th\'eorie et Litt\'erature},
  publisher = {{XYZ \'editeur}},
  address = {{Montr\'eal, Qu\'ebec}},
  isbn = {978-2-89261-215-8},
  keywords = {20th century,Doubles in literature,History and criticism,Jewish literature,Split self in literature}
}

@article{rockwell_face_2013,
  title = {The {{Face}} of {{Interface}}: {{Studying Interface}} to the {{Scholarly Corpus}} and {{Edition}}},
  shorttitle = {The {{Face}} of {{Interface}}},
  author = {Rockwell, Geoffrey and Ruecker, Stan and Windsor, Jennifer and Ilovan, Mihaela and Sondheim, Daniel},
  year = {2013},
  month = aug,
  journal = {Scholarly and Research Communication},
  volume = {3},
  number = {4},
  issn = {1923-0702},
  doi = {10.22230/src.2012v3n4a56},
  urldate = {2023-03-10},
  abstract = {How can we study the interface of scholarly knowledge across print and digital epochs? To ask about interface across epochs is to take a concept that makes sense in the digital world and anachronistically bring it to bear on print in a way that could confuse both. Nonetheless we need to develop ways of thinking about the relationship between design, knowledge and audience across media, and to do that we find ourselves remediating concepts like interface. This paper takes the category of interface and adapts it to studying the design of the corpus and edition.}
}

@book{ronat_coup_1981,
  title = {Un Coup de D\`es Jamais n'abolira Le Hasard},
  author = {Mallarm{\'e}, St{\'e}phane and Papp, Tipor},
  editor = {Ronat, Mitsou},
  year = {1981},
  publisher = {{Change errant}},
  address = {{Paris}}
}

@book{royer_16_2017,
  title = {{16. Le design du livre en contexte num\'erique : conversation avec Ren\'ee Bourassa}},
  shorttitle = {{16. Le design du livre en contexte num\'erique}},
  author = {Royer, Marine and {Catoir-Brisson}, Marie-Julie},
  year = {2017},
  publisher = {{Presses Universitaires de France}},
  isbn = {978-2-13-078883-6},
  langid = {french}
}

@article{ruffel_litterature_2010,
  title = {{Une litt\'erature contextuelle}},
  author = {Ruffel, David},
  year = {2010},
  journal = {Litterature},
  volume = {160},
  number = {4},
  pages = {61--73},
  publisher = {{Armand Colin}},
  issn = {0047-4800},
  urldate = {2023-03-14},
  abstract = {{$<$}titre{$>$}R\&\#233;sum\&\#233;{$<$}/titre{$>$}Les vingt derni\&\#232;res ann\&\#233;es en France ont vu la litt\&\#233;rature se d\&\#233;placer vers des pratiques contextuelles qui d\&\#233;bordent le cadre du livre et modifient les conditions de son expression et de sa r\&\#233;ception. Deux moments \&\#224; cette \&\#233;volution\&\#160;: un moment esth\&\#233;tique, o\&\#249; la litt\&\#233;rature \&\#233;largit son territoire en investissant les lieux et les langages des autres arts\&\#160;; un moment social, qui conduit les \&\#233;crivains \&\#224; intervenir dans l\&\#8217;espace public et \&\#224; se consid\&\#233;rer comme cr\&\#233;ateurs de \&\#171;\&\#160;relations\&\#160;\&\#187; autant que d\&\#8217;objets finis. Mais les pratiques contextuelles semblent aujourd\&\#8217;hui victimes de leur succ\&\#232;s. Un nouveau souffle est d\&\#232;s lors \&\#224; rechercher du c\&\#244;t\&\#233; d\&\#8217;une \&\#233;mancipation plus grande \&\#224; l\&\#8217;\&\#233;gard du march\&\#233; et des institutions, que semblent porter certains projets individuels ou collectifs r\&\#233;cents.},
  langid = {french},
  annotation = {Bibliographie\_available: 0 Cairndomain: www.cairn.info Cite Par\_available: 1},
  file = {/home/mame/snap/zotero-snap/common/Zotero/storage/9SP9JHEK/Ruffel - 2010 - Une littérature contextuelle.pdf}
}

@article{saemmer_hypertexte_2015,
  title = {{Hypertexte et narrativit\'e}},
  author = {Saemmer, Alexandra},
  year = {2015},
  journal = {Critique},
  volume = {819--820},
  number = {8-9},
  pages = {637--652},
  issn = {9782707328960},
  abstract = {Le tournant num\'erique n'affecte pas seulement les modes de diffusion des savoirs, mais leur nature m\^eme. Il pose des probl\`emes aux sciences humaines, particuli\`erement aux disciplines litt\'eraires, plus habitu\'ees \`a s'int\'eresser \`a la singularit\'e des oeuvres qu'\`a l'analyse quantitative et la lecture \`a distance. Il propose aussi de nouveaux objets d'\'etude, des r\'eseaux sociaux \`a la litt\'erature num\'erique, et de nouvelles interrogations critiques, de l'utopie d'un \guillemotleft{} transhumanisme \guillemotright{} en devenir \`a la dystopie d'une mena\c{c}ante \guillemotleft{} gouvernance algorithmique \guillemotright. Dans ce num\'ero dirig\'e par Alexandre Gefen, Critique donne la parole \`a ceux qui, travaillant dans ce nouveau champ transdisciplinaire, peuvent nous aider \`a en mieux comprendre les acquis et les \'ecueils, les limites et les promesses.},
  langid = {french}
}

@book{saemmer_matieres_2007,
  title = {Mati\`eres Textuelles Sur Support Num\'erique},
  author = {Saemmer, Alexandra},
  year = {2007},
  series = {Travaux / {{Centre Interdisciplinaire}} d'{{\'Etude}} et de {{Recherches}} Sur l'{{Expression Contemporaine}}},
  number = {132},
  publisher = {{Publications de l'Universit\'e de Saint-\'Etienne}},
  address = {{Saint-\'Etienne}},
  isbn = {978-2-86272-448-5},
  lccn = {P96.T42 S24 2007},
  keywords = {Art d'\'ecrire,Art Web,Communication and technology,Literature Internet Animation,Litt\'erature et Internet,Litt\'erature num\'erique,Mass media and culture,Mass media and technology,Mass media Technology Communications,Multim\'edias interactifs},
  annotation = {OCLC: ocn172963310}
}

@book{samoyault_intertextualite:_2014,
  title = {{L'intertextualit\'e: m\'emoire de la litt\'erature}},
  shorttitle = {{L'intertextualit\'e}},
  author = {Samoyault, Tiphaine and Mitterand, Henri},
  year = {2014},
  publisher = {{A. Colin}},
  address = {{Paris}},
  isbn = {978-2-200-34207-4},
  langid = {french}
}

@book{saporta_composition_1962,
  title = {Composition N\textdegree{} 1},
  author = {Saporta, Marc},
  year = {1962},
  edition = {Seuil}
}

@book{saporta_composition_2011,
  title = {Composition No. 1: This Book Can Be Read in Any Order},
  shorttitle = {Composition No. 1},
  author = {Saporta, Marc and Plascencia, Salvador},
  year = {2011},
  publisher = {{Visual Editions}},
  address = {{London}},
  isbn = {978-0-9565692-2-6},
  langid = {english}
}

@incollection{savoldelli_il_2021,
  title = {Il n'y a Pas d'intelligence Artificielle, Il n'y a Que Le Travail Du Clic de Quelqu'un d'autre},
  booktitle = {Ub\'erisation, et Apr\`es?},
  editor = {Savoldelli, Pascal and Casilli, Antonio A.},
  year = {2021},
  publisher = {{\'Editions du D\'etour}},
  address = {{Bordeaux}},
  isbn = {979-10-97079-88-8},
  lccn = {HD8037.F8 U34 2021},
  keywords = {21st century,France,History,Influence,Labor laws and legislation,Precarious employment,Self-employed,Social conditions,Uber (Firm)}
}

@article{sehgal_evoking_2011,
  title = {Evoking the {{Starry Lad Her Brother Was}}},
  author = {Sehgal, Parul},
  year = {2011},
  month = mar,
  journal = {The Irish Times}
}

@misc{sene_fragments_nodate,
  title = {Fragments, Chutes et Cons\'equences.},
  author = {S{\'e}n{\'e}, Joachim},
  journal = {Fragments, chutes et cons\'equences},
  urldate = {2020-02-04},
  howpublished = {http://jsene.net/},
  file = {/home/mame/snap/zotero-snap/common/Zotero/storage/JNLXXEST/jsene.net.html}
}

@book{shillingsburg_scholarly_1996,
  title = {Scholarly Editing in the Computer Age: Theory and Practice},
  shorttitle = {Scholarly Editing in the Computer Age},
  author = {Shillingsburg, Peter L.},
  year = {1996},
  series = {Editorial Theory and Literary Criticism},
  edition = {3rd ed},
  publisher = {{University of Michigan Press}},
  address = {{Ann Arbor}},
  isbn = {978-0-472-09600-8 978-0-472-06600-1},
  lccn = {PN162 .S45 1996},
  keywords = {Editing}
}

@phdthesis{sinclair_application_2000,
  title = {{Une application d'HyperPo, un logiciel d'analyse de texte informatis\'ee \`a La Disparition de Georges Perec}},
  author = {Sinclair, St{\'e}fan},
  year = {2000},
  month = jan,
  address = {{Kingston, Ontario}},
  langid = {french},
  school = {Queen's University}
}

@book{sklovskij_art_2008,
  title = {{L'art comme proc\'ed\'e}},
  author = {{\v S}klovskij, Viktor Borisovi{\v c} and Gayraud, R{\'e}gis},
  year = {2008},
  publisher = {{\'Ed. Allia}},
  address = {{Paris}},
  isbn = {978-2-84485-267-0},
  langid = {fre}
}

@book{sklovskij_art_2008,
  title = {{L'art comme proc\'ed\'e}},
  author = {{\v S}klovskij, Viktor Borisovi{\v c} and Gayraud, R{\'e}gis},
  year = {2008},
  publisher = {{\'Ed. Allia}},
  address = {{Paris}},
  isbn = {978-2-84485-267-0},
  langid = {french}
}

@book{sollers_entretiens_1970,
  title = {{Entretiens de Francis Ponge}},
  author = {Sollers, Philippe},
  year = {1970},
  publisher = {{Gallimard}},
  googlebooks = {MtsuzwEACAAJ},
  langid = {french}
}

@article{souchier__2012,
  title = {La \guillemotleft{} Lettrure \guillemotright{} \`a l'\'ecran {{Lire}} \& \'Ecrire Au Regard Des M\'edias Informatis\'es},
  author = {Souchier, Emmanu{\"E}l},
  year = {2012},
  month = dec,
  journal = {Communication \& langages},
  volume = {2012},
  number = {174},
  pages = {85--108},
  issn = {0336-1500},
  doi = {10.4074/S033615001201407x},
  urldate = {2020-02-04},
  langid = {english}
}

@article{souchier_carnaval_2015,
  title = {{Le carnaval typographique de Balzac. Premiers \'el\'ements pour une th\'eorie de l'irr\'eductibilit\'e s\'emiotique}},
  author = {Souchier, Emmanu{\"e}l},
  year = {2015},
  journal = {Communication langages},
  volume = {185},
  number = {3},
  pages = {3--22},
  issn = {0336-1500},
  urldate = {2022-01-20},
  abstract = {Dans la \&\#171;\&\#160;M\&\#233;ditation XXV\&\#160;\&\#187; de La physiologie du mariage, Balzac contrarie les codes habituels de la lisibilit\&\#233; du texte en bouleversant le geste d\&\#8217;\&\#233;criture typographique. Son texte se donne \&\#224; voir sous la forme d\&\#8217;un carnaval typographique. Ce mode d\&\#8217;\&\#233;nonciation visuel pose un probl\&\#232;me de compr\&\#233;hension. Que cherche donc \&\#224; signifier ce geste singulier du \&\#171;\&\#160;dire typographique\&\#160;\&\#187;\&\#160;?L\&\#8217;approche s\&\#233;miologique et communicationnelle permet d\&\#8217;interroger les raisons et la nature de cette expression visuelle qui a pour vertu de d\&\#233;stabiliser l\&\#8217;ordre habituel du texte. Elle offre \&\#233;galement l\&\#8217;occasion de formuler les premiers \&\#233;l\&\#233;ments th\&\#233;oriques d\&\#8217;une topologie du texte et d\&\#8217;une irr\&\#233;ductibilit\&\#233; s\&\#233;miotique, laquelle nous invite \&\#224; reconsid\&\#233;rer les rapports d\&\#8217;\&\#233;nonciation \&\#8211; et les rapports de pouvoir \&\#8211; au sein de la pratique d\&\#8217;\&\#233;criture.},
  langid = {french}
}

@article{souchier_image_1998,
  title = {{L'image du texte pour une th\'eorie de l'\'enonciation \'editoriale}},
  author = {Souchier, Emmanu{\"e}l},
  year = {1998},
  journal = {Les cahiers de mediologie},
  volume = {6},
  number = {2},
  pages = {137--145},
  issn = {1270-0665},
  urldate = {2022-03-10},
  langid = {french}
}

@article{stang_nox_2012,
  title = {`{{Nox}},' or the {{Muteness}} of {{Things}}},
  author = {Stang, Charles M.},
  year = {2012},
  journal = {Havard Divinity Bulletin},
  volume = {40},
  number = {1-2}
}

@book{suchman_human-machine_2007,
  title = {Human-Machine Reconfigurations: Plans and Situated Actions},
  shorttitle = {Human-Machine Reconfigurations},
  author = {Suchman, Lucille Alice},
  year = {2007},
  edition = {2nd ed},
  publisher = {{Cambridge University Press}},
  address = {{Cambridge ; New York}},
  isbn = {978-0-521-85891-5 978-0-521-67588-8},
  lccn = {T59.7 .S83 2007},
  keywords = {Cognition and culture,Ethnophilosophy,Human-machine systems},
  annotation = {OCLC: ocm64592145}
}

@article{sze_consolatory_2019-1,
  title = {The {{Consolatory Fold}}: {{Anne Carson}}'s {{Nox}} and the {{Melancholic Archive}}},
  shorttitle = {The {{Consolatory Fold}}},
  author = {Sze, Gillian},
  year = {2019},
  journal = {Studies in Canadian Literature / \'Etudes en litt\'erature canadienne},
  volume = {44},
  number = {1},
  pages = {66--80},
  issn = {0380-6995, 1718-7850},
  doi = {10.7202/1066499ar},
  urldate = {2022-03-21},
  abstract = {Un article de la revue Studies in Canadian Literature / \'Etudes en litt\'erature canadienne, diffus\'ee par la plateforme \'Erudit.},
  langid = {english}
}

@article{tanasescu_vol_2022,
  title = {Vol. 3, {{Iss}}. 1 (\#{{GraphPoem}})},
  author = {Tanasescu, Chris},
  year = {2022},
  month = may,
  journal = {IDEAH},
  doi = {10.21428/f1f23564.e6beae69},
  urldate = {2023-01-02},
  langid = {english},
  file = {/home/mame/snap/zotero-snap/common/Zotero/storage/FMKMJG25/Tanasescu - 2022 - Vol. 3, Iss. 1 (#GraphPoem).pdf}
}

@incollection{tassi_chapitre_2021,
  title = {{Chapitre 3. La pr\'edominance de la vue~: l'imprimerie, la presse, l'affichage}},
  shorttitle = {{Chapitre 3. La pr\'edominance de la vue}},
  booktitle = {{Les m\'edias et leurs fonctions}},
  author = {Tassi, Philippe},
  year = {2021},
  series = {{Questions de soci\'et\'e}},
  pages = {67--96},
  publisher = {{EMS Editions}},
  address = {{Caen}},
  urldate = {2023-10-06},
  abstract = {De tout temps, l'Homme a eu besoin de relations et de sociabilit\'e pour \'echanger avec ses pairs, qu'ils soient \`a proximit\'e ou \`a des distances de plus en plus grandes qu'il a fallu vaincre~; le pr\'efixe t\'el\'e signifie simplement \guillemotleft ~\`a distance~\guillemotright, en grec ancien. Cette n\'ecessit\'e de communication s'est toujours appuy\'ee sur des technologies, les a m\^eme parfois suscit\'ees, allant des pigments utilis\'es dans l'art pari\'etal au codage de la convergence num\'erique, sans oublier l'imprimerie, pour la presse et l'affichage, la th\'eorie g\'en\'erale des ondes pour la radio et la t\'el\'evision. Au sens \'etymologique du terme, les m\'edias sont ces moyens techniques. Dans ce livre, un m\'edia sera un couple compos\'e d'un support technique et d'un contenu, les fonctions des m\'edias s'exprimant aussi par des id\'ees port\'ees par le support et accessibles gr\^ace \`a deux sens que sont la vue et l'ou\"ie, mobilisant la lumi\`ere et le son. Pour s'exprimer, communiquer, transmettre, convaincre, t\'emoigner, divertir, apprendre, manipuler, l'Homme a fait preuve d'une imagination sans borne~: peinture rupestre, \'ecriture, volumen, codex, livre, coursier, peinture, t\'el\'egraphe, photographie, cin\'ema, t\'el\'ephone, radio, t\'el\'evision, Internet\ldots{} Nul doute que ces cr\'eations, le plus souvent collectives, se poursuivront avec la m\^eme inventivit\'e.},
  isbn = {978-2-37687-455-3},
  langid = {french},
  file = {/home/mame/snap/zotero-snap/common/Zotero/storage/WF7N5HYY/les-medias-et-leurs-fonctions--9782376874553-page-67.html}
}

@article{theval_poetique_2018,
  title = {{Une po\'etique en retravail}},
  author = {Th{\'e}val, Ga{\"e}lle},
  year = {2018},
  journal = {Acta Fabula},
  number = {vol. 19, n\textdegree{} 5},
  issn = {2115-8037},
  abstract = {Vers une m\'ediopo\'etique\guillemotleft{} Litt\'erature expos\'ee1 \guillemotright, \guillemotleft{} po\'esie d\'e-livr\'ee2 \guillemotright, \guillemotleft{} po\'esie dans l'espace public3 \guillemotright, po\'esie au cin\'ema4, po\'esie \`a la radio5, po\'esie en performance6, les travaux et recherches sur les circulations de la litt\'erature hors du livre \textendash{} en particulier \`a partir de la po\'esie, bien que non exclusivement \textendash{} connaissent depuis une dizaine d'ann\'ees des d\'eveloppements de plus en plus importants, accompagnant l'actuelle \guillemotleft{} extension du domaine de la litt\'erature \guillemotright, caract\'eristique du champ contemporain, d'une n\'ecessaire extension du domaine des \'etudes litt\'eraires7. Ces derni\`eres ne sauraient en effet faire l'\'economie d'une ouverture aux autres champs disciplinaires pour envisager la litt\'erature dans ses manifestations actuelles, en particulier dans ses manifestations m\'ediatiques : le d\'eploiement d'\'ecritures hors livre impose de s'int\'eresser aux manifestations \guillemotleft{} orales, aurales, sc\'eniques autant qu'\'editoriales ou concr\`etes du texte \guillemotright, et de partir du pr\'esuppos\'e selon lequel, contrairement \`a ce qu'une th\'eorisation id\'ealiste du texte a pu affirmer, \guillemotleft{} la consistance op\'erale [du texte] ne se mesure pas ind\'ependamment des circonstances de sa production, de son ex\'ecution, de sa (d\'e)notation8. \guillemotright{} Il s'agit d'envisager le texte dans la concr\'etude de ses manifestations, selon une perspective \guillemotleft{} m\'ediologique \guillemotright, sans pour autant laisser le texte de c\^ot\'e : de concilier une approche h\'erit\'ee des Sciences de Information et de la Communication et une approche po\'eticienne, pour constituer une \guillemotleft},
  copyright = {Cc-ByNcNd \textcopyright{} Fabula.org, licence Creative Commons Paternit\'e-Pas d'Utilisation Commerciale-Pas de Modification},
  langid = {french}
}

@article{thomas_machinations_1986,
  title = {Machinations Formelles: Sur l'{{Oulipo}}},
  shorttitle = {Machinations Formelles},
  author = {Thomas, Jean-Jacques},
  year = {1986},
  journal = {L'Esprit Cr\'eateur},
  volume = {26},
  number = {4},
  eprint = {26284662},
  eprinttype = {jstor},
  pages = {71--86},
  publisher = {{The Johns Hopkins University Press}},
  issn = {0014-0767},
  urldate = {2023-03-14},
  file = {/home/mame/snap/zotero-snap/common/Zotero/storage/FHMD7QJN/Thomas - 1986 - Machinations formelles sur l'Oulipo.pdf}
}

@article{tourte__2018,
  title = {{\guillemotleft{} Contre la colle les uns les autres \guillemotright{} : l'\'epreuve du contact chez Henri Michaux}},
  shorttitle = {{\guillemotleft{} Contre la colle les uns les autres \guillemotright}},
  author = {Tourte, {\'E}lise},
  year = {2018},
  month = jul,
  journal = {Les Lettres Romanes},
  volume = {72},
  number = {3-4},
  pages = {385--394},
  issn = {0024-1415, 2295-8991},
  doi = {10.1484/J.LLR.5.117223},
  urldate = {2023-04-04},
  langid = {french}
}

@book{turcotte_autobiographie_2017,
  title = {{Autobiographie de l'esprit: \'ecrits sauvages et domestiques}},
  shorttitle = {{Autobiographie de l'esprit}},
  author = {Turcotte, {\'E}lise},
  year = {2017},
  series = {{L'Ouvroir}},
  edition = {2e \'edition, revue et augment\'ee},
  publisher = {{La M\`eche}},
  address = {{Montr\'eal}},
  abstract = {Autobiographie de l'esprit d'\'Elise Turcotte est un authentique cabinet de curiosit\'es, un mus\'ee baroque et \'etonnant dans lequel les oeuvres d'art, les textes litt\'eraires et les archives personnelles de l'auteure dialoguent pour tenter de saisir, par de br\`eves fulgurances impressionnistes, ce qu'est l'acte de cr\'eer. \`A la fois bestiaire, recueil de textes et album photo, cette Autobiographie de l'esprit est faite de multiples mat\'eriaux h\'et\'eroclites. Conversations rapport\'ees, po\`emes, collages et fragments autor\'eflexifs s'y c\^otoient dans le m\^eme esprit qui anime les pinacoth\`eques et les temples de ce monde, o\`u l'on souhaite rendre hommage \`a l'art qui nous transende et nous \'el\`eve. \'Elise Turcotte revisite, dans cet essai, sa tr\`es prolifique carri\`ere d'\'ecrivaine, de " faiseuse d'imaginaires ", sans toutefois proposer quelque bilan que ce soit. Elle r\'efl\'echit \`a voix haute, tout simplement, afin d'engager un t\^ete-\`a-t\^ete avec ses lecteurs et ses lectrices \`a qui elle donne ainsi un acc\`es privil\'egi\'e \`a son atelier - l\`a d'o\`u elle \'ecrit},
  isbn = {978-2-89707-054-0},
  langid = {fre}
}

@article{turing_computing_1950,
  title = {Computing {{Machinery}} and {{Intelligence}}},
  author = {TURING, A. M.},
  year = {1950},
  month = oct,
  journal = {Mind},
  volume = {LIX},
  number = {236},
  pages = {433--460},
  issn = {0026-4423},
  doi = {10.1093/mind/LIX.236.433},
  urldate = {2023-08-11},
  file = {/home/mame/snap/zotero-snap/common/Zotero/storage/4K59N45S/TURING - 1950 - I.—COMPUTING MACHINERY AND INTELLIGENCE.pdf;/home/mame/snap/zotero-snap/common/Zotero/storage/N5ANVBDT/986238.html}
}

@book{vandendorpe_du_1999,
  title = {{Du papyrus \`a l'hypertexte: essai sur les mutations du texte et de la lecture}},
  shorttitle = {{Du papyrus \`a l'hypertexte}},
  author = {Vandendorpe, Christian},
  year = {1999},
  series = {{Sciences et soci\'et\'e}},
  publisher = {{La D\'ecouverte}},
  address = {{Paris}},
  isbn = {978-2-7071-3135-5},
  langid = {fre}
}

@book{vitali_rosati_editorialization:_2018,
  title = {On Editorialization: Structuring Space and Authority in the Digital Age},
  shorttitle = {On Editorialization},
  author = {Vitali Rosati, Marcello},
  year = {2018},
  isbn = {978-94-92302-20-5},
  langid = {english}
}

@book{vitali-rosati_eloge_2024,
  title = {\'Eloge Du Bug},
  author = {{Vitali-Rosati}, Marcello},
  year = {2024},
  edition = {La D\'ecouverte}
}

@article{vitali-rosati_lepopee_2021,
  title = {{L'\'epop\'ee num\'erique de l'Anthologie grecque : entre questions \'epist\'emologiques, mod\`eles techniques et dynamiques collaboratives}},
  shorttitle = {{L'\'epop\'ee num\'erique de l'Anthologie grecque}},
  author = {{Vitali-Rosati}, Marcello and Mellet, Margot and Monjour, Servanne and Fauchi{\'e}, Antoine and Guicherd, Timoth{\'e}e and Larlet, David and {Agostini-Marchese}, Enrico},
  year = {2021},
  month = jul,
  journal = {Sens public},
  number = {SP1596},
  publisher = {{D\'epartement des litt\'eratures de langue fran\c{c}aise}},
  issn = {2104-3272},
  urldate = {2022-01-18},
  abstract = {Dans cet article, nous pr\'esentons le travail d'\'edition num\'erique collaborative de l'Anthologie grecque entrepris par la Chaire de recherche du Canada sur les \'ecritures num\'eriques. Nous revenons notamment sur les probl\'ematiques de recherche \`a l'origine de la d\'emarche, les \'etapes et r\'eflexions th\'eoriques et techniques qui ont rythm\'e l'\'evolution de la recherche ainsi que ses r\'ecents d\'eveloppements. \`A partir de l'analyse de cette exp\'erience, nous essayons de comprendre comment \'emergent les conditions th\'eoriques, \'epist\'emologiques et m\'ethodologiques qui structurent un projet de recherche. La th\`ese que nous souhaitons d\'efendre ici est que loin d'\^etre le fruit d'un{$\cdot$}e seul{$\cdot$}e chercheur{$\cdot$}e, la pens\'ee est le fruit d'un ensemble complexe de conjonctures m\'ediatrices qui comprennent un ensemble de forces h\'et\'erog\`enes dont \'emergent ensuite des personnes, des techniques, des textes, des plateformes, des m\'ethodes, des collectifs.},
  copyright = {Creative Commons Attribution-ShareAlike 4.0 International (CC BY-SA 4.0)},
  langid = {french},
  file = {/home/mame/snap/zotero-snap/common/Zotero/storage/IAEJJ772/Vitali-Rosati et al. - 2021 - L’épopée numérique de l’Anthologie grecque  entre.pdf;/home/mame/snap/zotero-snap/common/Zotero/storage/K954CNZH/1603.html}
}

@article{vitali-rosati_mais_2018,
  title = {Mais O\`u Est Pass\'e Le R\'eel ? {{Profils}}, Repr\'esentations et M\'etaontologie},
  shorttitle = {Mais O\`u Est Pass\'e Le R\'eel ?},
  author = {{Vitali-Rosati}, Marcello},
  year = {2018},
  journal = {Muse Medusa},
  urldate = {2022-03-10},
  abstract = {Marcello Vitali-Rosati Universit\'e de Montr\'eal Auteur R\'esum\'e Abstract Marcello Vitali-Rosati est professeur agr\'eg\'e de litt\'erature et culture num\'erique au D\'epartement des litt\'eratures de langue fran\c{c}aise de l'Universit\'e de Montr\'eal depuis 2012.},
  langid = {american}
}

@misc{vitali-rosati_what_2016,
  title = {What Is Editorialization?},
  author = {{Vitali-Rosati}, Marcello and {Vitali-Rosati}, Marcello},
  year = {2016},
  month = jan,
  urldate = {2022-03-10},
  abstract = {Cet article pr\'esente les r\'esultats de huit ans de travail sur le concept d'\'editorialisation, r\'ealis\'es dans le cadre du s\'eminaire international \guillemotleft{} \'Ecritures num\'eriques et \'editorialisation \guillemotright{} que j'ai coorganis\'e avec Nicolas Sauret depuis 2008. Je propose de d\'efinir l'\'editorialisation comme l'ensemble des dynamiques qui produisent l'espace num\'erique. Ces dynamiques \ldots},
  langid = {english}
}

@book{vitruve_architecture_1986,
  title = {{De l'Architecture. Livre X - Vitruve}},
  author = {Vitruve, Marcus},
  year = {1986},
  month = jan,
  urldate = {2023-10-20},
  abstract = {M\'ecanique~: d\'efinitions et histoire. M\'ecanique civile~: machines de soul\`evement, principes de m\'ecanique, appareils pour \'elever l'eau, orgue hydraulique, hodom\`etre. M\'ecanique militaire~: scorpion,...},
  isbn = {978-2-251-01309-1},
  langid = {french},
  file = {/home/mame/snap/zotero-snap/common/Zotero/storage/MYEM423F/de-l-architecture-livre-x.html}
}

@book{wolterstorff_works_1980,
  title = {Works and {{Worlds}} of {{Art}}},
  author = {Wolterstorff, Nicholas},
  year = {1980},
  month = dec,
  series = {Clarendon {{Library}} of {{Logic}} and {{Philosophy}}},
  publisher = {{Oxford University Press}},
  address = {{Oxford, New York}},
  abstract = {In this book the author treats art as an action performed by the artist as agent, rather than examining it from the point of view of its audience as contemplators.              ,                In this book the author treats art as an action performed by the artist as agent, rather than examining it from the point of view of its audience as contemplators.},
  isbn = {978-0-19-824419-6},
  file = {/home/mame/snap/zotero-snap/common/Zotero/storage/LLL3GCUS/works-and-worlds-of-art-9780198244196.html}
}

@article{wurth_re-vision_2013,
  title = {Re-{{Vision}} as {{Remediation}}: {{Hypermediacy}} and {{Translation}} in {{Anne Carson}}'s {{Nox}}},
  author = {Wurth, Kiene Brillenburg},
  year = {2013},
  journal = {Image [and] Narrative},
  volume = {14},
  number = {4},
  pages = {20--33}
}

@book{zacklad_reseaux_2007,
  title = {{R\'eseaux et communaut\'es d'imaginaire docum\'ediatis\'ees}},
  author = {Zacklad, Manuel},
  year = {2007},
  month = apr,
  publisher = {{Peter Lang}},
  urldate = {2022-03-10},
  abstract = {Dans le renouveau des travaux actuels sur le document (cf. P\'edauque 2003) l'accent est souvent mis sur leurs usages professionnels dans le contexte de l'entreprise, de la recherche scientifique, des institutions artistiques ou culturelles, par exemple. Dans ce texte, nous souhaitons mettre plus particuli\`erement l'accent sur l'importance des documents dans le contexte des usages \guillemotleft{} grand public \guillemotright, de leurs r\^oles tr\`es divers aupr\`es de populations de tous \^ages dans le cadre d'activit\'es qui sont souvent qualifi\'ees d'activit\'es de loisir. Nous verrons que, dans ce cadre \'egalement, la num\'erisation transforme profond\'ement les pratiques et que les th\'eorisations actuelles du document et notamment notre approche en termes de processus de documentarisation, permet de les appr\'ehender de mani\`ere originale. En particulier, nous d\'efendrons l'id\'ee selon laquelle ces nouveaux usages sont caract\'eristiques d'une nouvelle forme de socialit\'e que P\'edauque (2006) qualifie de \guillemotleft{} post-moderne \guillemotright{} et qui correspond pour nous \`a l'expression de \guillemotleft{} modernit\'e sans fronti\`ere \guillemotright, pour reprendre le titre de l'ouvrage de l'anthropologue indo-am\'ericain Arjun Appadurai \guillemotleft{} Modernity at Large, Cultural dimension of globalization \guillemotright{} (Appardurai 1996).},
  isbn = {978-3-631-56294-9},
  langid = {french}
}

@article{zacklad_transactions_2005,
  title = {{Transactions communicationnelles symboliques: innovation et cr\'eation de valeur dans les communaut\'es d'action}},
  shorttitle = {{Transactions communicationnelles symboliques}},
  author = {Zacklad, Manuel},
  year = {2005},
  month = jan,
  journal = {A para\^itre in, Lorino, P., Teulier, R. (2005), \guillemotleft{} Entre la connaissance et l'organisation, l'activit\'e collective \guillemotright, Masp\'ero, Paris.},
  urldate = {2022-03-10},
  abstract = {Version courte de la pr\'esentation de la Th\'eorie des Transactions Communicationnelles et des communaut\'es d'action pr\'esent\'ee au colloque de Cerisy. Comporte le sch\'ema d'une transaction communicationnelle illustr\'e sur des exemples et la pr\'esentation in\'edite des formes de r\'eflexivit\'e et des configurations relationnelles.},
  langid = {french}
}

@book{zali_aventure_1997,
  title = {L'aventure Des \'Ecritures. {{Naissances}}},
  editor = {Zali, Anne and Berthier, Annie and {Biblioth{\`e}que nationale de France}},
  year = {1997},
  publisher = {{Biblioth\`eque nationale de France}},
  address = {{Paris}},
  isbn = {978-2-7177-2023-5},
  lccn = {P211 .A93 1997},
  keywords = {Exhibitions,History Exhibitions,Writing,Written communication}
}
